%YAML 1.1
%TAG !u! tag:unity3d.com,2011:
--- !u!1 &8525313502574917036
GameObject:
  m_ObjectHideFlags: 0
  m_CorrespondingSourceObject: {fileID: 0}
  m_PrefabInstance: {fileID: 0}
  m_PrefabAsset: {fileID: 0}
  serializedVersion: 6
  m_Component:
  - component: {fileID: 8525313502574917033}
  - component: {fileID: 1509289452834995199}
  - component: {fileID: 8525313502574917032}
  - component: {fileID: 8525313502574917039}
  - component: {fileID: 8525313502574917038}
  - component: {fileID: 8525313502574917037}
  m_Layer: 0
  m_Name: Hill
  m_TagString: Untagged
  m_Icon: {fileID: 0}
  m_NavMeshLayer: 0
  m_StaticEditorFlags: 0
  m_IsActive: 1
--- !u!4 &8525313502574917033
Transform:
  m_ObjectHideFlags: 0
  m_CorrespondingSourceObject: {fileID: 0}
  m_PrefabInstance: {fileID: 0}
  m_PrefabAsset: {fileID: 0}
  m_GameObject: {fileID: 8525313502574917036}
  m_LocalRotation: {x: 0, y: 0, z: 0, w: 1}
  m_LocalPosition: {x: 96.76, y: 9, z: 15.62}
  m_LocalScale: {x: 1, y: 1, z: 1}
  m_ConstrainProportionsScale: 0
  m_Children: []
  m_Father: {fileID: 0}
  m_RootOrder: 0
  m_LocalEulerAnglesHint: {x: 0, y: 0, z: 0}
--- !u!114 &1509289452834995199
MonoBehaviour:
  m_ObjectHideFlags: 0
  m_CorrespondingSourceObject: {fileID: 0}
  m_PrefabInstance: {fileID: 0}
  m_PrefabAsset: {fileID: 0}
  m_GameObject: {fileID: 8525313502574917036}
  m_Enabled: 1
  m_EditorHideFlags: 0
  m_Script: {fileID: 11500000, guid: 8233d90336aea43098adf6dbabd606a2, type: 3}
  m_Name: 
  m_EditorClassIdentifier: 
  m_MeshFormatVersion: 2
  m_Faces:
  - m_Indexes: 000000000100000002000000010000000300000002000000
    m_SmoothingGroup: 1
    m_Uv:
      m_UseWorldSpace: 0
      m_FlipU: 0
      m_FlipV: 0
      m_SwapUV: 0
      m_Fill: 1
      m_Scale: {x: 1, y: 1}
      m_Offset: {x: 0, y: 0}
      m_Rotation: 0
      m_Anchor: 9
    m_Material: {fileID: 0}
    m_SubmeshIndex: 0
    m_ManualUV: 0
    elementGroup: -1
    m_TextureGroup: -1
  - m_Indexes: 040000000500000006000000050000000700000006000000
    m_SmoothingGroup: 1
    m_Uv:
      m_UseWorldSpace: 0
      m_FlipU: 0
      m_FlipV: 0
      m_SwapUV: 0
      m_Fill: 1
      m_Scale: {x: 1, y: 1}
      m_Offset: {x: 0, y: 0}
      m_Rotation: 0
      m_Anchor: 9
    m_Material: {fileID: 0}
    m_SubmeshIndex: 0
    m_ManualUV: 0
    elementGroup: -1
    m_TextureGroup: -1
  - m_Indexes: 08000000090000000a000000090000000b0000000a000000
    m_SmoothingGroup: 1
    m_Uv:
      m_UseWorldSpace: 0
      m_FlipU: 0
      m_FlipV: 0
      m_SwapUV: 0
      m_Fill: 1
      m_Scale: {x: 1, y: 1}
      m_Offset: {x: 0, y: 0}
      m_Rotation: 0
      m_Anchor: 9
    m_Material: {fileID: 0}
    m_SubmeshIndex: 0
    m_ManualUV: 0
    elementGroup: -1
    m_TextureGroup: -1
  - m_Indexes: 0c0000000d0000000e0000000d0000000f0000000e000000
    m_SmoothingGroup: 1
    m_Uv:
      m_UseWorldSpace: 0
      m_FlipU: 0
      m_FlipV: 0
      m_SwapUV: 0
      m_Fill: 1
      m_Scale: {x: 1, y: 1}
      m_Offset: {x: 0, y: 0}
      m_Rotation: 0
      m_Anchor: 9
    m_Material: {fileID: 0}
    m_SubmeshIndex: 0
    m_ManualUV: 0
    elementGroup: -1
    m_TextureGroup: -1
  - m_Indexes: 100000001100000012000000110000001300000012000000
    m_SmoothingGroup: 1
    m_Uv:
      m_UseWorldSpace: 0
      m_FlipU: 0
      m_FlipV: 0
      m_SwapUV: 0
      m_Fill: 1
      m_Scale: {x: 1, y: 1}
      m_Offset: {x: 0, y: 0}
      m_Rotation: 0
      m_Anchor: 9
    m_Material: {fileID: 0}
    m_SubmeshIndex: 0
    m_ManualUV: 0
    elementGroup: -1
    m_TextureGroup: -1
  - m_Indexes: 140000001500000016000000150000001700000016000000
    m_SmoothingGroup: 1
    m_Uv:
      m_UseWorldSpace: 0
      m_FlipU: 0
      m_FlipV: 0
      m_SwapUV: 0
      m_Fill: 1
      m_Scale: {x: 1, y: 1}
      m_Offset: {x: 0, y: 0}
      m_Rotation: 0
      m_Anchor: 9
    m_Material: {fileID: 0}
    m_SubmeshIndex: 0
    m_ManualUV: 0
    elementGroup: -1
    m_TextureGroup: -1
  - m_Indexes: 18000000190000001a000000190000001b0000001a000000
    m_SmoothingGroup: 1
    m_Uv:
      m_UseWorldSpace: 0
      m_FlipU: 0
      m_FlipV: 0
      m_SwapUV: 0
      m_Fill: 1
      m_Scale: {x: 1, y: 1}
      m_Offset: {x: 0, y: 0}
      m_Rotation: 0
      m_Anchor: 9
    m_Material: {fileID: 0}
    m_SubmeshIndex: 0
    m_ManualUV: 0
    elementGroup: -1
    m_TextureGroup: -1
  - m_Indexes: 1c0000001d0000001e0000001d0000001f0000001e000000
    m_SmoothingGroup: 1
    m_Uv:
      m_UseWorldSpace: 0
      m_FlipU: 0
      m_FlipV: 0
      m_SwapUV: 0
      m_Fill: 1
      m_Scale: {x: 1, y: 1}
      m_Offset: {x: 0, y: 0}
      m_Rotation: 0
      m_Anchor: 9
    m_Material: {fileID: 0}
    m_SubmeshIndex: 0
    m_ManualUV: 0
    elementGroup: -1
    m_TextureGroup: -1
  - m_Indexes: 200000002100000022000000210000002300000022000000
    m_SmoothingGroup: 1
    m_Uv:
      m_UseWorldSpace: 0
      m_FlipU: 0
      m_FlipV: 0
      m_SwapUV: 0
      m_Fill: 1
      m_Scale: {x: 1, y: 1}
      m_Offset: {x: 0, y: 0}
      m_Rotation: 0
      m_Anchor: 9
    m_Material: {fileID: 0}
    m_SubmeshIndex: 0
    m_ManualUV: 0
    elementGroup: -1
    m_TextureGroup: -1
  - m_Indexes: 240000002500000026000000250000002700000026000000
    m_SmoothingGroup: 1
    m_Uv:
      m_UseWorldSpace: 0
      m_FlipU: 0
      m_FlipV: 0
      m_SwapUV: 0
      m_Fill: 1
      m_Scale: {x: 1, y: 1}
      m_Offset: {x: 0, y: 0}
      m_Rotation: 0
      m_Anchor: 9
    m_Material: {fileID: 0}
    m_SubmeshIndex: 0
    m_ManualUV: 0
    elementGroup: -1
    m_TextureGroup: -1
  - m_Indexes: 28000000290000002a000000290000002b0000002a000000
    m_SmoothingGroup: 1
    m_Uv:
      m_UseWorldSpace: 0
      m_FlipU: 0
      m_FlipV: 0
      m_SwapUV: 0
      m_Fill: 1
      m_Scale: {x: 1, y: 1}
      m_Offset: {x: 0, y: 0}
      m_Rotation: 0
      m_Anchor: 9
    m_Material: {fileID: 0}
    m_SubmeshIndex: 0
    m_ManualUV: 0
    elementGroup: -1
    m_TextureGroup: -1
  - m_Indexes: 2c0000002d0000002e0000002d0000002f0000002e000000
    m_SmoothingGroup: 1
    m_Uv:
      m_UseWorldSpace: 0
      m_FlipU: 0
      m_FlipV: 0
      m_SwapUV: 0
      m_Fill: 1
      m_Scale: {x: 1, y: 1}
      m_Offset: {x: 0, y: 0}
      m_Rotation: 0
      m_Anchor: 9
    m_Material: {fileID: 0}
    m_SubmeshIndex: 0
    m_ManualUV: 0
    elementGroup: -1
    m_TextureGroup: -1
  - m_Indexes: 300000003100000032000000310000003300000032000000
    m_SmoothingGroup: 0
    m_Uv:
      m_UseWorldSpace: 0
      m_FlipU: 0
      m_FlipV: 0
      m_SwapUV: 0
      m_Fill: 1
      m_Scale: {x: 1, y: 1}
      m_Offset: {x: 0, y: 0}
      m_Rotation: 0
      m_Anchor: 9
    m_Material: {fileID: 0}
    m_SubmeshIndex: 0
    m_ManualUV: 0
    elementGroup: -1
    m_TextureGroup: -1
  - m_Indexes: 340000003500000036000000350000003700000036000000
    m_SmoothingGroup: 0
    m_Uv:
      m_UseWorldSpace: 0
      m_FlipU: 0
      m_FlipV: 0
      m_SwapUV: 0
      m_Fill: 1
      m_Scale: {x: 1, y: 1}
      m_Offset: {x: 0, y: 0}
      m_Rotation: 0
      m_Anchor: 9
    m_Material: {fileID: 0}
    m_SubmeshIndex: 0
    m_ManualUV: 0
    elementGroup: -1
    m_TextureGroup: -1
  - m_Indexes: 38000000390000003a000000390000003b0000003a000000
    m_SmoothingGroup: 0
    m_Uv:
      m_UseWorldSpace: 0
      m_FlipU: 0
      m_FlipV: 0
      m_SwapUV: 0
      m_Fill: 1
      m_Scale: {x: 1, y: 1}
      m_Offset: {x: 0, y: 0}
      m_Rotation: 0
      m_Anchor: 9
    m_Material: {fileID: 0}
    m_SubmeshIndex: 0
    m_ManualUV: 0
    elementGroup: -1
    m_TextureGroup: -1
  - m_Indexes: 3c0000003d0000003e0000003d0000003f0000003e000000
    m_SmoothingGroup: 0
    m_Uv:
      m_UseWorldSpace: 0
      m_FlipU: 0
      m_FlipV: 0
      m_SwapUV: 0
      m_Fill: 1
      m_Scale: {x: 1, y: 1}
      m_Offset: {x: 0, y: 0}
      m_Rotation: 0
      m_Anchor: 9
    m_Material: {fileID: 0}
    m_SubmeshIndex: 0
    m_ManualUV: 0
    elementGroup: -1
    m_TextureGroup: -1
  - m_Indexes: 400000004100000042000000410000004300000042000000
    m_SmoothingGroup: 0
    m_Uv:
      m_UseWorldSpace: 0
      m_FlipU: 0
      m_FlipV: 0
      m_SwapUV: 0
      m_Fill: 1
      m_Scale: {x: 1, y: 1}
      m_Offset: {x: 0, y: 0}
      m_Rotation: 0
      m_Anchor: 9
    m_Material: {fileID: 0}
    m_SubmeshIndex: 0
    m_ManualUV: 0
    elementGroup: -1
    m_TextureGroup: -1
  - m_Indexes: 440000004500000046000000450000004700000046000000
    m_SmoothingGroup: 0
    m_Uv:
      m_UseWorldSpace: 0
      m_FlipU: 0
      m_FlipV: 0
      m_SwapUV: 0
      m_Fill: 1
      m_Scale: {x: 1, y: 1}
      m_Offset: {x: 0, y: 0}
      m_Rotation: 0
      m_Anchor: 9
    m_Material: {fileID: 0}
    m_SubmeshIndex: 0
    m_ManualUV: 0
    elementGroup: -1
    m_TextureGroup: -1
  - m_Indexes: 48000000490000004a000000490000004b0000004a000000
    m_SmoothingGroup: 0
    m_Uv:
      m_UseWorldSpace: 0
      m_FlipU: 0
      m_FlipV: 0
      m_SwapUV: 0
      m_Fill: 1
      m_Scale: {x: 1, y: 1}
      m_Offset: {x: 0, y: 0}
      m_Rotation: 0
      m_Anchor: 9
    m_Material: {fileID: 0}
    m_SubmeshIndex: 0
    m_ManualUV: 0
    elementGroup: -1
    m_TextureGroup: -1
  - m_Indexes: 4c0000004d0000004e0000004d0000004f0000004e000000
    m_SmoothingGroup: 0
    m_Uv:
      m_UseWorldSpace: 0
      m_FlipU: 0
      m_FlipV: 0
      m_SwapUV: 0
      m_Fill: 1
      m_Scale: {x: 1, y: 1}
      m_Offset: {x: 0, y: 0}
      m_Rotation: 0
      m_Anchor: 9
    m_Material: {fileID: 0}
    m_SubmeshIndex: 0
    m_ManualUV: 0
    elementGroup: -1
    m_TextureGroup: -1
  - m_Indexes: 500000005100000052000000510000005300000052000000
    m_SmoothingGroup: 0
    m_Uv:
      m_UseWorldSpace: 0
      m_FlipU: 0
      m_FlipV: 0
      m_SwapUV: 0
      m_Fill: 1
      m_Scale: {x: 1, y: 1}
      m_Offset: {x: 0, y: 0}
      m_Rotation: 0
      m_Anchor: 9
    m_Material: {fileID: 0}
    m_SubmeshIndex: 0
    m_ManualUV: 0
    elementGroup: -1
    m_TextureGroup: -1
  - m_Indexes: 540000005500000056000000550000005700000056000000
    m_SmoothingGroup: 0
    m_Uv:
      m_UseWorldSpace: 0
      m_FlipU: 0
      m_FlipV: 0
      m_SwapUV: 0
      m_Fill: 1
      m_Scale: {x: 1, y: 1}
      m_Offset: {x: 0, y: 0}
      m_Rotation: 0
      m_Anchor: 9
    m_Material: {fileID: 0}
    m_SubmeshIndex: 0
    m_ManualUV: 0
    elementGroup: -1
    m_TextureGroup: -1
  - m_Indexes: 58000000590000005a000000590000005b0000005a000000
    m_SmoothingGroup: 0
    m_Uv:
      m_UseWorldSpace: 0
      m_FlipU: 0
      m_FlipV: 0
      m_SwapUV: 0
      m_Fill: 1
      m_Scale: {x: 1, y: 1}
      m_Offset: {x: 0, y: 0}
      m_Rotation: 0
      m_Anchor: 9
    m_Material: {fileID: 0}
    m_SubmeshIndex: 0
    m_ManualUV: 0
    elementGroup: -1
    m_TextureGroup: -1
  - m_Indexes: 5c0000005d0000005e0000005d0000005f0000005e000000
    m_SmoothingGroup: 0
    m_Uv:
      m_UseWorldSpace: 0
      m_FlipU: 0
      m_FlipV: 0
      m_SwapUV: 0
      m_Fill: 1
      m_Scale: {x: 1, y: 1}
      m_Offset: {x: 0, y: 0}
      m_Rotation: 0
      m_Anchor: 9
    m_Material: {fileID: 0}
    m_SubmeshIndex: 0
    m_ManualUV: 0
    elementGroup: -1
    m_TextureGroup: -1
  - m_Indexes: 630000006100000060000000630000006200000061000000
    m_SmoothingGroup: 0
    m_Uv:
      m_UseWorldSpace: 0
      m_FlipU: 0
      m_FlipV: 0
      m_SwapUV: 0
      m_Fill: 1
      m_Scale: {x: 1, y: 1}
      m_Offset: {x: 0, y: 0}
      m_Rotation: 0
      m_Anchor: 9
    m_Material: {fileID: 2100000, guid: 31321ba15b8f8eb4c954353edc038b1d, type: 2}
    m_SubmeshIndex: 0
    m_ManualUV: 0
    elementGroup: 0
    m_TextureGroup: -1
  - m_Indexes: 650000006700000066000000650000006400000067000000
    m_SmoothingGroup: 0
    m_Uv:
      m_UseWorldSpace: 0
      m_FlipU: 0
      m_FlipV: 0
      m_SwapUV: 0
      m_Fill: 1
      m_Scale: {x: 1, y: 1}
      m_Offset: {x: 0, y: 0}
      m_Rotation: 0
      m_Anchor: 9
    m_Material: {fileID: 2100000, guid: 31321ba15b8f8eb4c954353edc038b1d, type: 2}
    m_SubmeshIndex: 0
    m_ManualUV: 0
    elementGroup: 0
    m_TextureGroup: -1
  - m_Indexes: 68000000690000006a000000690000006b0000006a000000
    m_SmoothingGroup: 0
    m_Uv:
      m_UseWorldSpace: 0
      m_FlipU: 0
      m_FlipV: 0
      m_SwapUV: 0
      m_Fill: 1
      m_Scale: {x: 1, y: 1}
      m_Offset: {x: 0, y: 0}
      m_Rotation: 0
      m_Anchor: 9
    m_Material: {fileID: 0}
    m_SubmeshIndex: 0
    m_ManualUV: 0
    elementGroup: -1
    m_TextureGroup: -1
  - m_Indexes: 6c0000006d0000006e0000006d0000006f0000006e000000
    m_SmoothingGroup: 0
    m_Uv:
      m_UseWorldSpace: 0
      m_FlipU: 0
      m_FlipV: 0
      m_SwapUV: 0
      m_Fill: 1
      m_Scale: {x: 1, y: 1}
      m_Offset: {x: 0, y: 0}
      m_Rotation: 0
      m_Anchor: 9
    m_Material: {fileID: 0}
    m_SubmeshIndex: 0
    m_ManualUV: 0
    elementGroup: -1
    m_TextureGroup: -1
  - m_Indexes: 700000007100000072000000710000007300000072000000
    m_SmoothingGroup: 0
    m_Uv:
      m_UseWorldSpace: 0
      m_FlipU: 0
      m_FlipV: 0
      m_SwapUV: 0
      m_Fill: 1
      m_Scale: {x: 1, y: 1}
      m_Offset: {x: 0, y: 0}
      m_Rotation: 0
      m_Anchor: 9
    m_Material: {fileID: 0}
    m_SubmeshIndex: 0
    m_ManualUV: 0
    elementGroup: -1
    m_TextureGroup: -1
  - m_Indexes: 740000007500000076000000750000007700000076000000
    m_SmoothingGroup: 0
    m_Uv:
      m_UseWorldSpace: 0
      m_FlipU: 0
      m_FlipV: 0
      m_SwapUV: 0
      m_Fill: 1
      m_Scale: {x: 1, y: 1}
      m_Offset: {x: 0, y: 0}
      m_Rotation: 0
      m_Anchor: 9
    m_Material: {fileID: 0}
    m_SubmeshIndex: 0
    m_ManualUV: 0
    elementGroup: -1
    m_TextureGroup: -1
  - m_Indexes: 78000000790000007a000000790000007b0000007a000000
    m_SmoothingGroup: 0
    m_Uv:
      m_UseWorldSpace: 0
      m_FlipU: 0
      m_FlipV: 0
      m_SwapUV: 0
      m_Fill: 1
      m_Scale: {x: 1, y: 1}
      m_Offset: {x: 0, y: 0}
      m_Rotation: 0
      m_Anchor: 9
    m_Material: {fileID: 0}
    m_SubmeshIndex: 0
    m_ManualUV: 0
    elementGroup: -1
    m_TextureGroup: -1
  - m_Indexes: 7c0000007d0000007e0000007d0000007f0000007e000000
    m_SmoothingGroup: 0
    m_Uv:
      m_UseWorldSpace: 0
      m_FlipU: 0
      m_FlipV: 0
      m_SwapUV: 0
      m_Fill: 1
      m_Scale: {x: 1, y: 1}
      m_Offset: {x: 0, y: 0}
      m_Rotation: 0
      m_Anchor: 9
    m_Material: {fileID: 0}
    m_SubmeshIndex: 0
    m_ManualUV: 0
    elementGroup: -1
    m_TextureGroup: -1
  - m_Indexes: 800000008100000082000000810000008300000082000000
    m_SmoothingGroup: 0
    m_Uv:
      m_UseWorldSpace: 0
      m_FlipU: 0
      m_FlipV: 0
      m_SwapUV: 0
      m_Fill: 1
      m_Scale: {x: 1, y: 1}
      m_Offset: {x: 0, y: 0}
      m_Rotation: 0
      m_Anchor: 9
    m_Material: {fileID: 0}
    m_SubmeshIndex: 0
    m_ManualUV: 0
    elementGroup: -1
    m_TextureGroup: -1
  - m_Indexes: 840000008500000086000000850000008700000086000000
    m_SmoothingGroup: 0
    m_Uv:
      m_UseWorldSpace: 0
      m_FlipU: 0
      m_FlipV: 0
      m_SwapUV: 0
      m_Fill: 1
      m_Scale: {x: 1, y: 1}
      m_Offset: {x: 0, y: 0}
      m_Rotation: 0
      m_Anchor: 9
    m_Material: {fileID: 0}
    m_SubmeshIndex: 0
    m_ManualUV: 0
    elementGroup: -1
    m_TextureGroup: -1
  - m_Indexes: 88000000890000008a000000890000008b0000008a000000
    m_SmoothingGroup: 0
    m_Uv:
      m_UseWorldSpace: 0
      m_FlipU: 0
      m_FlipV: 0
      m_SwapUV: 0
      m_Fill: 1
      m_Scale: {x: 1, y: 1}
      m_Offset: {x: 0, y: 0}
      m_Rotation: 0
      m_Anchor: 9
    m_Material: {fileID: 0}
    m_SubmeshIndex: 0
    m_ManualUV: 0
    elementGroup: -1
    m_TextureGroup: -1
  - m_Indexes: 8c0000008d0000008e0000008d0000008f0000008e000000
    m_SmoothingGroup: 0
    m_Uv:
      m_UseWorldSpace: 0
      m_FlipU: 0
      m_FlipV: 0
      m_SwapUV: 0
      m_Fill: 1
      m_Scale: {x: 1, y: 1}
      m_Offset: {x: 0, y: 0}
      m_Rotation: 0
      m_Anchor: 9
    m_Material: {fileID: 0}
    m_SubmeshIndex: 0
    m_ManualUV: 0
    elementGroup: -1
    m_TextureGroup: -1
  - m_Indexes: 900000009100000092000000910000009300000092000000
    m_SmoothingGroup: 0
    m_Uv:
      m_UseWorldSpace: 0
      m_FlipU: 0
      m_FlipV: 0
      m_SwapUV: 0
      m_Fill: 1
      m_Scale: {x: 1, y: 1}
      m_Offset: {x: 0, y: 0}
      m_Rotation: 0
      m_Anchor: 9
    m_Material: {fileID: 0}
    m_SubmeshIndex: 0
    m_ManualUV: 0
    elementGroup: -1
    m_TextureGroup: -1
  - m_Indexes: 940000009500000096000000950000009700000096000000
    m_SmoothingGroup: 0
    m_Uv:
      m_UseWorldSpace: 0
      m_FlipU: 0
      m_FlipV: 0
      m_SwapUV: 0
      m_Fill: 1
      m_Scale: {x: 1, y: 1}
      m_Offset: {x: 0, y: 0}
      m_Rotation: 0
      m_Anchor: 9
    m_Material: {fileID: 0}
    m_SubmeshIndex: 0
    m_ManualUV: 0
    elementGroup: -1
    m_TextureGroup: -1
  - m_Indexes: 98000000990000009a000000990000009b0000009a000000
    m_SmoothingGroup: 0
    m_Uv:
      m_UseWorldSpace: 0
      m_FlipU: 0
      m_FlipV: 0
      m_SwapUV: 0
      m_Fill: 1
      m_Scale: {x: 1, y: 1}
      m_Offset: {x: 0, y: 0}
      m_Rotation: 0
      m_Anchor: 9
    m_Material: {fileID: 0}
    m_SubmeshIndex: 0
    m_ManualUV: 0
    elementGroup: -1
    m_TextureGroup: -1
  - m_Indexes: 9c0000009d0000009e0000009d0000009f0000009e000000
    m_SmoothingGroup: 0
    m_Uv:
      m_UseWorldSpace: 0
      m_FlipU: 0
      m_FlipV: 0
      m_SwapUV: 0
      m_Fill: 1
      m_Scale: {x: 1, y: 1}
      m_Offset: {x: 0, y: 0}
      m_Rotation: 0
      m_Anchor: 9
    m_Material: {fileID: 0}
    m_SubmeshIndex: 0
    m_ManualUV: 0
    elementGroup: -1
    m_TextureGroup: -1
  - m_Indexes: a0000000a1000000a2000000a1000000a3000000a2000000
    m_SmoothingGroup: 0
    m_Uv:
      m_UseWorldSpace: 0
      m_FlipU: 0
      m_FlipV: 0
      m_SwapUV: 0
      m_Fill: 1
      m_Scale: {x: 1, y: 1}
      m_Offset: {x: 0, y: 0}
      m_Rotation: 0
      m_Anchor: 9
    m_Material: {fileID: 0}
    m_SubmeshIndex: 0
    m_ManualUV: 0
    elementGroup: -1
    m_TextureGroup: -1
  - m_Indexes: a4000000a5000000a6000000a5000000a7000000a6000000
    m_SmoothingGroup: 0
    m_Uv:
      m_UseWorldSpace: 0
      m_FlipU: 0
      m_FlipV: 0
      m_SwapUV: 0
      m_Fill: 1
      m_Scale: {x: 1, y: 1}
      m_Offset: {x: 0, y: 0}
      m_Rotation: 0
      m_Anchor: 9
    m_Material: {fileID: 0}
    m_SubmeshIndex: 0
    m_ManualUV: 0
    elementGroup: -1
    m_TextureGroup: -1
  - m_Indexes: a8000000a9000000aa000000a9000000ab000000aa000000
    m_SmoothingGroup: 0
    m_Uv:
      m_UseWorldSpace: 0
      m_FlipU: 0
      m_FlipV: 0
      m_SwapUV: 0
      m_Fill: 1
      m_Scale: {x: 1, y: 1}
      m_Offset: {x: 0, y: 0}
      m_Rotation: 0
      m_Anchor: 9
    m_Material: {fileID: 0}
    m_SubmeshIndex: 0
    m_ManualUV: 0
    elementGroup: -1
    m_TextureGroup: -1
  - m_Indexes: ac000000ad000000ae000000ad000000af000000ae000000
    m_SmoothingGroup: 0
    m_Uv:
      m_UseWorldSpace: 0
      m_FlipU: 0
      m_FlipV: 0
      m_SwapUV: 0
      m_Fill: 1
      m_Scale: {x: 1, y: 1}
      m_Offset: {x: 0, y: 0}
      m_Rotation: 0
      m_Anchor: 9
    m_Material: {fileID: 0}
    m_SubmeshIndex: 0
    m_ManualUV: 0
    elementGroup: -1
    m_TextureGroup: -1
  - m_Indexes: b0000000b1000000b2000000b1000000b3000000b2000000
    m_SmoothingGroup: 0
    m_Uv:
      m_UseWorldSpace: 0
      m_FlipU: 0
      m_FlipV: 0
      m_SwapUV: 0
      m_Fill: 1
      m_Scale: {x: 1, y: 1}
      m_Offset: {x: 0, y: 0}
      m_Rotation: 0
      m_Anchor: 9
    m_Material: {fileID: 0}
    m_SubmeshIndex: 0
    m_ManualUV: 0
    elementGroup: -1
    m_TextureGroup: -1
  - m_Indexes: b4000000b5000000b6000000b5000000b7000000b6000000
    m_SmoothingGroup: 0
    m_Uv:
      m_UseWorldSpace: 0
      m_FlipU: 0
      m_FlipV: 0
      m_SwapUV: 0
      m_Fill: 1
      m_Scale: {x: 1, y: 1}
      m_Offset: {x: 0, y: 0}
      m_Rotation: 0
      m_Anchor: 9
    m_Material: {fileID: 0}
    m_SubmeshIndex: 0
    m_ManualUV: 0
    elementGroup: -1
    m_TextureGroup: -1
  - m_Indexes: b8000000b9000000ba000000b9000000bb000000ba000000
    m_SmoothingGroup: 0
    m_Uv:
      m_UseWorldSpace: 0
      m_FlipU: 0
      m_FlipV: 0
      m_SwapUV: 0
      m_Fill: 1
      m_Scale: {x: 1, y: 1}
      m_Offset: {x: 0, y: 0}
      m_Rotation: 0
      m_Anchor: 9
    m_Material: {fileID: 0}
    m_SubmeshIndex: 0
    m_ManualUV: 0
    elementGroup: -1
    m_TextureGroup: -1
  - m_Indexes: bc000000bd000000be000000bd000000bf000000be000000
    m_SmoothingGroup: 0
    m_Uv:
      m_UseWorldSpace: 0
      m_FlipU: 0
      m_FlipV: 0
      m_SwapUV: 0
      m_Fill: 1
      m_Scale: {x: 1, y: 1}
      m_Offset: {x: 0, y: 0}
      m_Rotation: 0
      m_Anchor: 9
    m_Material: {fileID: 0}
    m_SubmeshIndex: 0
    m_ManualUV: 0
    elementGroup: -1
    m_TextureGroup: -1
  - m_Indexes: c0000000c1000000c2000000c1000000c3000000c2000000
    m_SmoothingGroup: 0
    m_Uv:
      m_UseWorldSpace: 0
      m_FlipU: 0
      m_FlipV: 0
      m_SwapUV: 0
      m_Fill: 1
      m_Scale: {x: 1, y: 1}
      m_Offset: {x: 0, y: 0}
      m_Rotation: 0
      m_Anchor: 9
    m_Material: {fileID: 0}
    m_SubmeshIndex: 0
    m_ManualUV: 0
    elementGroup: -1
    m_TextureGroup: -1
  - m_Indexes: c4000000c5000000c6000000c5000000c7000000c6000000
    m_SmoothingGroup: 0
    m_Uv:
      m_UseWorldSpace: 0
      m_FlipU: 0
      m_FlipV: 0
      m_SwapUV: 0
      m_Fill: 1
      m_Scale: {x: 1, y: 1}
      m_Offset: {x: 0, y: 0}
      m_Rotation: 0
      m_Anchor: 9
    m_Material: {fileID: 0}
    m_SubmeshIndex: 0
    m_ManualUV: 0
    elementGroup: -1
    m_TextureGroup: -1
  m_SharedVertices:
  - m_Vertices: 00000000090000003100000038000000
  - m_Vertices: 01000000280000003000000059000000
  - m_Vertices: 020000000b000000340000003d000000
  - m_Vertices: 030000002a000000350000005c000000
  - m_Vertices: 040000002d000000320000005b000000
  - m_Vertices: 050000000c000000330000003a000000
  - m_Vertices: 060000002f000000370000005e000000
  - m_Vertices: 070000000e000000360000003f000000
  - m_Vertices: 08000000110000003900000040000000
  - m_Vertices: 0a000000130000003c00000045000000
  - m_Vertices: 0d000000140000003b00000042000000
  - m_Vertices: 0f000000160000003e00000047000000
  - m_Vertices: 10000000410000006800000075000000
  - m_Vertices: 61000000ba000000c7000000
  - m_Vertices: 9a000000a7000000b8000000c5000000
  - m_Vertices: 6a0000007700000098000000a5000000
  - m_Vertices: 1200000044000000690000006c000000
  - m_Vertices: 60000000bb000000be000000
  - m_Vertices: 9b0000009e000000b9000000bc000000
  - m_Vertices: 6b0000006e000000990000009c000000
  - m_Vertices: 15000000430000007100000074000000
  - m_Vertices: 62000000c3000000c6000000
  - m_Vertices: a3000000a6000000c1000000c4000000
  - m_Vertices: 7300000076000000a1000000a4000000
  - m_Vertices: 17000000460000006d00000070000000
  - m_Vertices: 63000000bf000000c2000000
  - m_Vertices: 9f000000a2000000bd000000c0000000
  - m_Vertices: 6f000000720000009d000000a0000000
  - m_Vertices: 19000000480000008100000084000000
  - m_Vertices: 64000000b3000000b6000000
  - m_Vertices: 9300000096000000b1000000b4000000
  - m_Vertices: 83000000860000009100000094000000
  - m_Vertices: 1b0000004d0000007d00000080000000
  - m_Vertices: 65000000af000000b2000000
  - m_Vertices: 8f00000092000000ad000000b0000000
  - m_Vertices: 7f000000820000008d00000090000000
  - m_Vertices: 1c0000004a0000007800000085000000
  - m_Vertices: 67000000aa000000b7000000
  - m_Vertices: 8a00000097000000a8000000b5000000
  - m_Vertices: 7a000000870000008800000095000000
  - m_Vertices: 1e0000004f000000790000007c000000
  - m_Vertices: 66000000ab000000ae000000
  - m_Vertices: 8b0000008e000000a9000000ac000000
  - m_Vertices: 7b0000007e000000890000008c000000
  - m_Vertices: 18000000210000004900000050000000
  - m_Vertices: 1a000000230000004c00000055000000
  - m_Vertices: 1d000000240000004b00000052000000
  - m_Vertices: 1f000000260000004e00000057000000
  - m_Vertices: 20000000290000005100000058000000
  - m_Vertices: 220000002b000000540000005d000000
  - m_Vertices: 250000002c000000530000005a000000
  - m_Vertices: 270000002e000000560000005f000000
  m_SharedTextures: []
  m_Positions:
  - {x: 8.09017, y: -5, z: 5.8778524}
  - {x: 10, y: -5, z: 0}
  - {x: 8.090172, y: 4.44458, z: 5.8778534}
  - {x: 10, y: 4.4784756, z: 0}
  - {x: 6, y: -5, z: 0}
  - {x: 4.854102, y: -5, z: 3.5267115}
  - {x: 6, y: 4.4784756, z: 0}
  - {x: 4.854103, y: 4.44458, z: 3.5267105}
  - {x: 3.0901697, y: -5, z: 9.510566}
  - {x: 8.09017, y: -5, z: 5.8778524}
  - {x: 3.0901718, y: 3, z: 9.510567}
  - {x: 8.090172, y: 4.44458, z: 5.8778534}
  - {x: 4.854102, y: -5, z: 3.5267115}
  - {x: 1.8541018, y: -5, z: 5.70634}
  - {x: 4.854103, y: 4.44458, z: 3.5267105}
  - {x: 1.8541031, y: 3, z: 5.706341}
  - {x: -3.0901718, y: -7, z: 9.510567}
  - {x: 3.0901697, y: -5, z: 9.510566}
  - {x: -3.0901718, y: 1.0600615, z: 12.679478}
  - {x: 3.0901718, y: 3, z: 9.510567}
  - {x: 1.8541018, y: -5, z: 5.70634}
  - {x: -1.8541031, y: -7, z: 8.875252}
  - {x: 1.8541031, y: 3, z: 5.706341}
  - {x: -1.8541031, y: 1.0600615, z: 8.875252}
  - {x: 3.0901713, y: -5, z: -9.510565}
  - {x: -3.0901718, y: -7, z: -9.510565}
  - {x: 3.0901718, y: 3, z: -9.510565}
  - {x: -3.0901718, y: 1.0600615, z: -12.179477}
  - {x: -1.8541031, y: -7, z: -8.375251}
  - {x: 1.8541028, y: -5, z: -5.706339}
  - {x: -1.8541031, y: 1.0600615, z: -8.375251}
  - {x: 1.8541031, y: 3, z: -5.706339}
  - {x: 8.09017, y: -5, z: -5.877853}
  - {x: 3.0901713, y: -5, z: -9.510565}
  - {x: 8.090172, y: 4.44458, z: -5.8778534}
  - {x: 3.0901718, y: 3, z: -9.510565}
  - {x: 1.8541028, y: -5, z: -5.706339}
  - {x: 4.854102, y: -5, z: -3.526712}
  - {x: 1.8541031, y: 3, z: -5.706339}
  - {x: 4.854103, y: 4.44458, z: -3.5267124}
  - {x: 10, y: -5, z: 0}
  - {x: 8.09017, y: -5, z: -5.877853}
  - {x: 10, y: 4.4784756, z: 0}
  - {x: 8.090172, y: 4.44458, z: -5.8778534}
  - {x: 4.854102, y: -5, z: -3.526712}
  - {x: 6, y: -5, z: 0}
  - {x: 4.854103, y: 4.44458, z: -3.5267124}
  - {x: 6, y: 4.4784756, z: 0}
  - {x: 10, y: -5, z: 0}
  - {x: 8.09017, y: -5, z: 5.8778524}
  - {x: 6, y: -5, z: 0}
  - {x: 4.854102, y: -5, z: 3.5267115}
  - {x: 8.090172, y: 4.44458, z: 5.8778534}
  - {x: 10, y: 4.4784756, z: 0}
  - {x: 4.854103, y: 4.44458, z: 3.5267105}
  - {x: 6, y: 4.4784756, z: 0}
  - {x: 8.09017, y: -5, z: 5.8778524}
  - {x: 3.0901697, y: -5, z: 9.510566}
  - {x: 4.854102, y: -5, z: 3.5267115}
  - {x: 1.8541018, y: -5, z: 5.70634}
  - {x: 3.0901718, y: 3, z: 9.510567}
  - {x: 8.090172, y: 4.44458, z: 5.8778534}
  - {x: 1.8541031, y: 3, z: 5.706341}
  - {x: 4.854103, y: 4.44458, z: 3.5267105}
  - {x: 3.0901697, y: -5, z: 9.510566}
  - {x: -3.0901718, y: -7, z: 9.510567}
  - {x: 1.8541018, y: -5, z: 5.70634}
  - {x: -1.8541031, y: -7, z: 8.875252}
  - {x: -3.0901718, y: 1.0600615, z: 12.679478}
  - {x: 3.0901718, y: 3, z: 9.510567}
  - {x: -1.8541031, y: 1.0600615, z: 8.875252}
  - {x: 1.8541031, y: 3, z: 5.706341}
  - {x: -3.0901718, y: -7, z: -9.510565}
  - {x: 3.0901713, y: -5, z: -9.510565}
  - {x: -1.8541031, y: -7, z: -8.375251}
  - {x: 1.8541028, y: -5, z: -5.706339}
  - {x: 3.0901718, y: 3, z: -9.510565}
  - {x: -3.0901718, y: 1.0600615, z: -12.179477}
  - {x: 1.8541031, y: 3, z: -5.706339}
  - {x: -1.8541031, y: 1.0600615, z: -8.375251}
  - {x: 3.0901713, y: -5, z: -9.510565}
  - {x: 8.09017, y: -5, z: -5.877853}
  - {x: 1.8541028, y: -5, z: -5.706339}
  - {x: 4.854102, y: -5, z: -3.526712}
  - {x: 8.090172, y: 4.44458, z: -5.8778534}
  - {x: 3.0901718, y: 3, z: -9.510565}
  - {x: 4.854103, y: 4.44458, z: -3.5267124}
  - {x: 1.8541031, y: 3, z: -5.706339}
  - {x: 8.09017, y: -5, z: -5.877853}
  - {x: 10, y: -5, z: 0}
  - {x: 4.854102, y: -5, z: -3.526712}
  - {x: 6, y: -5, z: 0}
  - {x: 10, y: 4.4784756, z: 0}
  - {x: 8.090172, y: 4.44458, z: -5.8778534}
  - {x: 6, y: 4.4784756, z: 0}
  - {x: 4.854103, y: 4.44458, z: -3.5267124}
  - {x: -14.8131485, y: -5, z: 2.1687193}
  - {x: -14.8131485, y: -5.290264, z: 2.1687193}
  - {x: -12.661682, y: -5.290264, z: 1.2090616}
  - {x: -12.661682, y: -5, z: 1.2090616}
  - {x: -14.481125, y: -5.290264, z: -0.954442}
  - {x: -14.481125, y: -5, z: -0.954442}
  - {x: -12.500763, y: -5, z: -0.34922886}
  - {x: -12.500763, y: -5.290264, z: -0.34922886}
  - {x: -3.0901718, y: -7, z: 9.510567}
  - {x: -3.0901718, y: 1.0600615, z: 12.679478}
  - {x: -7.1180344, y: -7, z: 7.810666}
  - {x: -7.1180344, y: -1.2897272, z: 10.979577}
  - {x: -3.0901718, y: 1.0600615, z: 12.679478}
  - {x: -1.8541031, y: 1.0600615, z: 8.875252}
  - {x: -7.1180344, y: -1.2897272, z: 10.979577}
  - {x: -5.8819656, y: -1.2897272, z: 6.266798}
  - {x: -1.8541031, y: 1.0600615, z: 8.875252}
  - {x: -1.8541031, y: -7, z: 8.875252}
  - {x: -5.8819656, y: -1.2897272, z: 6.266798}
  - {x: -5.8819656, y: -7, z: 6.266798}
  - {x: -1.8541031, y: -7, z: 8.875252}
  - {x: -3.0901718, y: -7, z: 9.510567}
  - {x: -5.8819656, y: -7, z: 6.266798}
  - {x: -7.1180344, y: -7, z: 7.810666}
  - {x: -1.8541031, y: -7, z: -8.375251}
  - {x: -1.8541031, y: 1.0600615, z: -8.375251}
  - {x: -5.8819656, y: -7, z: -6.766799}
  - {x: -5.8819656, y: -1.2897272, z: -6.766799}
  - {x: -1.8541031, y: 1.0600615, z: -8.375251}
  - {x: -3.0901718, y: 1.0600615, z: -12.179477}
  - {x: -5.8819656, y: -1.2897272, z: -6.766799}
  - {x: -7.943001, y: -1.2897272, z: -10.571025}
  - {x: -3.0901718, y: 1.0600615, z: -12.179477}
  - {x: -3.0901718, y: -7, z: -9.510565}
  - {x: -7.943001, y: -1.2897272, z: -10.571025}
  - {x: -7.943001, y: -7, z: -7.902113}
  - {x: -3.0901718, y: -7, z: -9.510565}
  - {x: -1.8541031, y: -7, z: -8.375251}
  - {x: -7.943001, y: -7, z: -7.902113}
  - {x: -5.8819656, y: -7, z: -6.766799}
  - {x: -5.8819656, y: -7, z: -6.766799}
  - {x: -5.8819656, y: -1.2897272, z: -6.766799}
  - {x: -10.247971, y: -5.0532794, z: -3.8205233}
  - {x: -10.247971, y: -3.5652075, z: -3.8205233}
  - {x: -5.8819656, y: -1.2897272, z: -6.766799}
  - {x: -7.943001, y: -1.2897272, z: -10.571025}
  - {x: -10.247971, y: -3.5652075, z: -3.8205233}
  - {x: -13.038879, y: -3.5652075, z: -5.371871}
  - {x: -7.943001, y: -1.2897272, z: -10.571025}
  - {x: -7.943001, y: -7, z: -7.902113}
  - {x: -13.038879, y: -3.5652075, z: -5.371871}
  - {x: -13.038879, y: -5.0532794, z: -5.371871}
  - {x: -7.943001, y: -7, z: -7.902113}
  - {x: -5.8819656, y: -7, z: -6.766799}
  - {x: -13.038879, y: -5.0532794, z: -5.371871}
  - {x: -10.247971, y: -5.0532794, z: -3.8205233}
  - {x: -7.1180344, y: -7, z: 7.810666}
  - {x: -7.1180344, y: -1.2897272, z: 10.979577}
  - {x: -12.706856, y: -5.0532794, z: 5.780423}
  - {x: -12.706856, y: -3.5652075, z: 5.780423}
  - {x: -7.1180344, y: -1.2897272, z: 10.979577}
  - {x: -5.8819656, y: -1.2897272, z: 6.266798}
  - {x: -12.706856, y: -3.5652075, z: 5.780423}
  - {x: -10.247971, y: -3.5652075, z: 3.3205223}
  - {x: -5.8819656, y: -1.2897272, z: 6.266798}
  - {x: -5.8819656, y: -7, z: 6.266798}
  - {x: -10.247971, y: -3.5652075, z: 3.3205223}
  - {x: -10.247971, y: -5.0532794, z: 3.3205223}
  - {x: -5.8819656, y: -7, z: 6.266798}
  - {x: -7.1180344, y: -7, z: 7.810666}
  - {x: -10.247971, y: -5.0532794, z: 3.3205223}
  - {x: -12.706856, y: -5.0532794, z: 5.780423}
  - {x: -10.247971, y: -5.0532794, z: -3.8205233}
  - {x: -10.247971, y: -3.5652075, z: -3.8205233}
  - {x: -12.500763, y: -5.290264, z: -0.34922886}
  - {x: -12.500763, y: -5, z: -0.34922886}
  - {x: -10.247971, y: -3.5652075, z: -3.8205233}
  - {x: -13.038879, y: -3.5652075, z: -5.371871}
  - {x: -12.500763, y: -5, z: -0.34922886}
  - {x: -14.481125, y: -5, z: -0.954442}
  - {x: -13.038879, y: -3.5652075, z: -5.371871}
  - {x: -13.038879, y: -5.0532794, z: -5.371871}
  - {x: -14.481125, y: -5, z: -0.954442}
  - {x: -14.481125, y: -5.290264, z: -0.954442}
  - {x: -13.038879, y: -5.0532794, z: -5.371871}
  - {x: -10.247971, y: -5.0532794, z: -3.8205233}
  - {x: -14.481125, y: -5.290264, z: -0.954442}
  - {x: -12.500763, y: -5.290264, z: -0.34922886}
  - {x: -12.706856, y: -5.0532794, z: 5.780423}
  - {x: -12.706856, y: -3.5652075, z: 5.780423}
  - {x: -14.8131485, y: -5.290264, z: 2.1687193}
  - {x: -14.8131485, y: -5, z: 2.1687193}
  - {x: -12.706856, y: -3.5652075, z: 5.780423}
  - {x: -10.247971, y: -3.5652075, z: 3.3205223}
  - {x: -14.8131485, y: -5, z: 2.1687193}
  - {x: -12.661682, y: -5, z: 1.2090616}
  - {x: -10.247971, y: -3.5652075, z: 3.3205223}
  - {x: -10.247971, y: -5.0532794, z: 3.3205223}
  - {x: -12.661682, y: -5, z: 1.2090616}
  - {x: -12.661682, y: -5.290264, z: 1.2090616}
  - {x: -10.247971, y: -5.0532794, z: 3.3205223}
  - {x: -12.706856, y: -5.0532794, z: 5.780423}
  - {x: -12.661682, y: -5.290264, z: 1.2090616}
  - {x: -14.8131485, y: -5.290264, z: 2.1687193}
  m_Textures0:
  - {x: 3.09017, y: -4.999998}
  - {x: -3.09017, y: -4.999998}
  - {x: 3.0901704, y: 4.444582}
  - {x: -3.09017, y: 4.4784775}
  - {x: 1.8541019, y: -5}
  - {x: -1.854102, y: -5}
  - {x: 1.8541019, y: 4.4784756}
  - {x: -1.8541008, y: 4.44458}
  - {x: 3.090171, y: -4.9999976}
  - {x: -3.0901692, y: -4.9999976}
  - {x: 3.09017, y: 3.0000024}
  - {x: -3.0901701, y: 4.4445825}
  - {x: 1.8541015, y: -5}
  - {x: -1.8541033, y: -5}
  - {x: 1.8541028, y: 4.44458}
  - {x: -1.8541027, y: 2.9999998}
  - {x: 4.265814, y: -3.235135}
  - {x: -1.8651047, y: -1.0884035}
  - {x: 4.6657705, y: 5.4162593}
  - {x: -1.8651067, y: 6.3647876}
  - {x: -2.297662, y: -4.999999}
  - {x: -7.175447, y: -6.999999}
  - {x: -2.2976615, y: 3.0000012}
  - {x: -7.175447, y: 1.0600625}
  - {x: 3.0901713, y: -5}
  - {x: -3.0901718, y: -7}
  - {x: 3.0901718, y: 3}
  - {x: -3.0901718, y: 1.0600615}
  - {x: 6.397356, y: -7}
  - {x: 1.8285613, y: -5}
  - {x: 6.397356, y: 1.0600615}
  - {x: 1.8285612, y: 3}
  - {x: 3.0901694, y: -4.9999986}
  - {x: -3.090169, y: -4.9999986}
  - {x: 3.0901706, y: 4.4445815}
  - {x: -3.0901687, y: 3.0000014}
  - {x: 1.8541011, y: -5}
  - {x: -1.8541019, y: -5}
  - {x: 1.8541008, y: 3}
  - {x: -1.8541024, y: 4.44458}
  - {x: 3.0901697, y: -5}
  - {x: -3.0901706, y: -5}
  - {x: 3.0901697, y: 4.4784756}
  - {x: -3.0901706, y: 4.44458}
  - {x: 1.8541026, y: -4.9999995}
  - {x: -1.8541017, y: -4.9999995}
  - {x: 1.8541028, y: 4.4445806}
  - {x: -1.8541017, y: 4.478476}
  - {x: -10, y: 0}
  - {x: -8.09017, y: 5.8778524}
  - {x: -6, y: 0}
  - {x: -4.854102, y: 3.5267115}
  - {x: 8.10519, y: 5.8571825}
  - {x: 10.015122, y: -0.020734897}
  - {x: 4.86914, y: 3.5060139}
  - {x: 6.015146, y: -0.020798149}
  - {x: -8.09017, y: 5.8778524}
  - {x: -3.0901697, y: 9.510566}
  - {x: -4.854102, y: 3.5267115}
  - {x: -1.8541018, y: 5.70634}
  - {x: 3.691877, y: 9.321091}
  - {x: 8.889438, y: 5.6784573}
  - {x: 2.48825, y: 5.5064764}
  - {x: 5.738303, y: 3.2793965}
  - {x: -1.4006243, y: 10.031568}
  - {x: 5.0952682, y: 10.031569}
  - {x: -0.22460087, y: 6.2083535}
  - {x: 3.9192443, y: 9.437291}
  - {x: -2.518225, y: 12.833936}
  - {x: 3.9492555, y: 9.644312}
  - {x: -1.3614812, y: 9.004844}
  - {x: 2.7925115, y: 5.9143605}
  - {x: 5.0952682, y: -7.2030826}
  - {x: -1.4006261, y: -7.2030826}
  - {x: 3.919244, y: -6.005681}
  - {x: -0.22460203, y: -3.7170694}
  - {x: 3.7755408, y: -9.297363}
  - {x: -2.6980243, y: -11.976179}
  - {x: 2.5837975, y: -5.479019}
  - {x: -1.5062809, y: -8.214203}
  - {x: -3.0901713, y: -9.510565}
  - {x: -8.09017, y: -5.877853}
  - {x: -1.8541028, y: -5.706339}
  - {x: -4.854102, y: -3.526712}
  - {x: 8.642516, y: -5.141223}
  - {x: 3.4873466, y: -8.843605}
  - {x: 5.4396935, y: -2.7449903}
  - {x: 2.2639768, y: -5.076843}
  - {x: -8.09017, y: -5.877853}
  - {x: -10, y: 0}
  - {x: -4.854102, y: -3.526712}
  - {x: -6, y: 0}
  - {x: 10, y: 0.025825348}
  - {x: 8.090172, y: -5.8521256}
  - {x: 6, y: 0.025825348}
  - {x: 4.854103, y: -3.5010238}
  - {x: -14.411814, y: -5}
  - {x: -14.411814, y: -5.290264}
  - {x: -12.056023, y: -5.290264}
  - {x: -12.056023, y: -5}
  - {x: 14.127795, y: -5.290264}
  - {x: 14.127795, y: -5}
  - {x: 12.057018, y: -5}
  - {x: 12.057018, y: -5.290264}
  - {x: -0.8509453, y: -3.1881797}
  - {x: -2.0831, y: 5.384357}
  - {x: 3.520935, y: -3.1881797}
  - {x: 2.2887802, y: 3.175041}
  - {x: -2.26557, y: 12.887597}
  - {x: -1.1657891, y: 9.041758}
  - {x: -6.921922, y: 11.169102}
  - {x: -5.8221416, y: 6.4245396}
  - {x: 3.2680821, y: 1.0600615}
  - {x: 3.2680821, y: -7}
  - {x: -1.530637, y: -1.2897272}
  - {x: -1.530637, y: -7}
  - {x: 1.8541031, y: 8.875252}
  - {x: 3.0901718, y: 9.510567}
  - {x: 5.8819656, y: 6.266798}
  - {x: 7.1180344, y: 7.810666}
  - {x: -1.384118, y: -7}
  - {x: -1.384118, y: 1.0600615}
  - {x: 2.9530234, y: -7}
  - {x: 2.9530234, y: -1.2897272}
  - {x: -1.1610458, y: -8.548024}
  - {x: -2.2593286, y: -12.394292}
  - {x: -5.8180494, y: -6.9217963}
  - {x: -7.6493387, y: -10.823876}
  - {x: -0.99171937, y: 4.89432}
  - {x: -1.4418566, y: -3.5841858}
  - {x: -6.046309, y: 2.4225404}
  - {x: -6.4964466, y: -3.8221474}
  - {x: 3.0901718, y: -9.510565}
  - {x: 1.8541031, y: -8.375251}
  - {x: 7.943001, y: -7.902113}
  - {x: 5.8819656, y: -6.766799}
  - {x: 1.0905082, y: -7}
  - {x: 1.0905082, y: -1.2897272}
  - {x: 6.357627, y: -5.0532794}
  - {x: 6.357627, y: -3.5652075}
  - {x: -5.9552197, y: -6.8132176}
  - {x: -7.880785, y: -10.687776}
  - {x: -10.845606, y: -3.8124714}
  - {x: -13.453071, y: -5.5244074}
  - {x: 0.49386826, y: 3.2952902}
  - {x: -1.1879569, y: -2.7793925}
  - {x: -6.7391973, y: 0.8745966}
  - {x: -6.7391973, y: -0.5242084}
  - {x: 6.408525, y: -10.278321}
  - {x: 4.3878703, y: -9.072602}
  - {x: 11.788027, y: -7.5911694}
  - {x: 9.051798, y: -5.9453006}
  - {x: 2.421112, y: -1.8104408}
  - {x: 0.88000554, y: 4.535755}
  - {x: 8.291864, y: 0.35307586}
  - {x: 8.291864, y: 1.692035}
  - {x: -7.166098, y: 11.023586}
  - {x: -5.9913483, y: 6.295149}
  - {x: -13.185469, y: 5.807158}
  - {x: -10.848564, y: 3.2932105}
  - {x: -1.3701946, y: -1.2897272}
  - {x: -1.3701946, y: -7}
  - {x: -6.6373134, y: -3.5652075}
  - {x: -6.6373134, y: -5.0532794}
  - {x: 3.7035499, y: 7.9336166}
  - {x: 4.8908715, y: 9.515281}
  - {x: 8.4386835, y: 4.915211}
  - {x: 10.800597, y: 7.464907}
  - {x: 2.3740556, y: -5.0532794}
  - {x: 2.3740556, y: -3.5652075}
  - {x: 6.512287, y: -5.290264}
  - {x: 6.512287, y: -5}
  - {x: -10.698508, y: -3.1407614}
  - {x: -13.450466, y: -4.7602}
  - {x: -13.158735, y: 0.4828931}
  - {x: -15.111458, y: -0.1914731}
  - {x: 1.0597571, y: -3.5652075}
  - {x: 1.0597571, y: -5.0532794}
  - {x: -3.5871506, y: -5}
  - {x: -3.5871506, y: -5.290264}
  - {x: 13.162232, y: -5.152191}
  - {x: 10.372211, y: -3.5992458}
  - {x: 14.609998, y: -0.73021334}
  - {x: 12.630266, y: -0.123356864}
  - {x: 1.4080753, y: -5.0532794}
  - {x: 1.4080753, y: -3.5652075}
  - {x: 5.589089, y: -5.290264}
  - {x: 5.589089, y: -5}
  - {x: -13.192496, y: 5.5303216}
  - {x: -10.807585, y: 2.9986377}
  - {x: -15.584709, y: 1.8132234}
  - {x: -13.497968, y: 0.7569393}
  - {x: -5.52697, y: -3.5652075}
  - {x: -5.52697, y: -5.0532794}
  - {x: -8.733879, y: -5}
  - {x: -8.733879, y: -5.290264}
  - {x: 10.498272, y: 3.0804837}
  - {x: 12.953791, y: 5.5437446}
  - {x: 12.921075, y: 0.96613854}
  - {x: 15.069596, y: 1.9303634}
  m_Textures2: []
  m_Textures3: []
  m_Tangents:
  - {x: -0.5877852, y: 0.00000007695758, z: 0.80901706, w: -1}
  - {x: 0.00000006267203, y: -0.000000019069583, z: 1, w: -1}
  - {x: -0.58778524, y: 0.000000053301243, z: 0.80901706, w: -1}
  - {x: 0.00000009400804, y: -0.000000017737037, z: 1, w: -1}
  - {x: 0.000000094008044, y: 0.0000000095347925, z: -1, w: -1}
  - {x: 0.5877852, y: -0.0000000017212215, z: -0.80901706, w: -1}
  - {x: 0.00000012534404, y: 0.0000000055371805, z: -1, w: -1}
  - {x: 0.58778507, y: -0.00000002563244, z: -0.8090171, w: -1}
  - {x: -0.89020264, y: 0.014791049, z: 0.4553245, w: -1}
  - {x: -0.5877852, y: -0.00000007695761, z: 0.80901706, w: -1}
  - {x: -0.85197353, y: 0.000000017692962, z: 0.5235849, w: -1}
  - {x: -0.5877851, y: -0.00000005330122, z: 0.8090171, w: -1}
  - {x: 0.5877852, y: 0.0000000017212214, z: -0.80901706, w: -1}
  - {x: 0.7852296, y: 0.000000005570754, z: -0.6192047, w: -1}
  - {x: 0.587785, y: 0.000000025632433, z: -0.8090172, w: -1}
  - {x: 0.7852296, y: 0.0000000057484204, z: -0.6192047, w: -1}
  - {x: -0.99200326, y: 0.000000017877287, z: 0.12621264, w: -1}
  - {x: -0.8913183, y: -0.085126385, z: 0.44531476, w: -1}
  - {x: -0.95507175, y: -0.06699564, z: 0.28870323, w: -1}
  - {x: -0.84452343, y: -0.13195692, z: 0.5190063, w: -1}
  - {x: 0.7852296, y: -0.000000005570753, z: -0.61920464, w: -1}
  - {x: 0.7602232, y: -2.937221e-15, z: -0.6496621, w: -1}
  - {x: 0.7852296, y: -0.0000000057484377, z: -0.61920464, w: -1}
  - {x: 0.7602233, y: 0, z: -0.64966184, w: -1}
  - {x: 0.95105654, y: 0.000000016619499, z: 0.30901697, w: -1}
  - {x: 0.97103703, y: -0.0030215976, z: 0.23890996, w: -1}
  - {x: 0.9052778, y: 0.013081014, z: 0.42461872, w: -1}
  - {x: 0.8814573, y: 0, z: 0.4722637, w: -1}
  - {x: -0.81163776, y: 0, z: -0.5841611, w: -1}
  - {x: -0.81032944, y: -2.931885e-11, z: -0.58597463, w: -1}
  - {x: -0.81163776, y: 0, z: -0.5841611, w: -1}
  - {x: -0.81032944, y: -8.527395e-11, z: -0.58597463, w: -1}
  - {x: 0.58778524, y: 0.00000004499142, z: 0.80901706, w: -1}
  - {x: 0.95105654, y: -0.000000016619497, z: 0.30901694, w: -1}
  - {x: 0.5877852, y: 0.00000005209365, z: 0.80901706, w: -1}
  - {x: 0.904427, y: -0.01390793, z: 0.42640156, w: -1}
  - {x: -0.81032944, y: 2.9320026e-11, z: -0.58597463, w: -1}
  - {x: -0.5877853, y: -0.000000029123665, z: -0.80901694, w: -1}
  - {x: -0.81032944, y: 8.527281e-11, z: -0.58597463, w: -1}
  - {x: -0.58778524, y: -0.000000026650623, z: -0.809017, w: -1}
  - {x: 0.00000006267203, y: 0.000000019069589, z: 1, w: -1}
  - {x: 0.58778524, y: -0.000000044991435, z: 0.80901706, w: -1}
  - {x: 0.00000006267203, y: 0.000000017737039, z: 1, w: -1}
  - {x: 0.5877852, y: -0.000000052093657, z: 0.80901706, w: -1}
  - {x: -0.58778536, y: 0.000000029123676, z: -0.80901694, w: -1}
  - {x: 0.00000009400804, y: -0.000000009534792, z: -1, w: -1}
  - {x: -0.58778524, y: 0.000000026650628, z: -0.809017, w: -1}
  - {x: 0.00000012534406, y: -0.000000005537181, z: -1, w: -1}
  - {x: -1, y: 0, z: 0, w: -1}
  - {x: -1, y: 0, z: 0, w: -1}
  - {x: -1, y: 0, z: 0, w: -1}
  - {x: -1, y: 0, z: 0, w: -1}
  - {x: 0.9999943, y: 0.0033895317, z: -0.00000004767882, w: -1}
  - {x: 0.99999857, y: 0.0016948546, z: -0.000007929962, w: -1}
  - {x: 0.99999857, y: 0.0016948546, z: -0.000007929962, w: -1}
  - {x: 1, y: 0.00000015197412, z: -0.00001581239, w: -1}
  - {x: -1, y: 0, z: 0, w: -1}
  - {x: -1, y: 0, z: 0, w: -1}
  - {x: -1, y: 0, z: 0, w: -1}
  - {x: -1, y: 0, z: 0, w: -1}
  - {x: 0.973754, y: 0.22760324, z: 0.00000001613514, w: -1}
  - {x: 0.97302, y: 0.23072077, z: 0.00023136905, w: -1}
  - {x: 0.97302, y: 0.23072077, z: 0.00023136905, w: -1}
  - {x: 0.9722548, y: 0.23392403, z: 0.00048042042, w: -1}
  - {x: -0.951423, y: -0.30788684, z: 0.0000000036884942, w: -1}
  - {x: -0.71458834, y: -0.07330527, z: 0.69569373, w: 1}
  - {x: -0.71458834, y: -0.07330527, z: 0.69569373, w: 1}
  - {x: -0.83017284, y: 0.55200744, z: 0.078108646, w: 1}
  - {x: 0.93582493, y: 0.35246518, z: -0.00000010174937, w: -1}
  - {x: 0.9307196, y: 0.36572984, z: -0.0016523149, w: -1}
  - {x: 0.9307196, y: 0.36572984, z: -0.0016523149, w: -1}
  - {x: 0.9252695, y: 0.37929603, z: -0.003301737, w: -1}
  - {x: -0.951423, y: -0.3078868, z: -0.000000009472049, w: -1}
  - {x: -0.935062, y: -0.35407072, z: -0.017118407, w: -1}
  - {x: -0.935062, y: -0.35407072, z: -0.017118407, w: -1}
  - {x: -0.9139185, y: -0.40441552, z: -0.034656305, w: -1}
  - {x: 0.96414006, y: 0.26539418, z: 0.00000012757913, w: -1}
  - {x: 0.9073849, y: 0.42002594, z: -0.015195324, w: -1}
  - {x: 0.9073849, y: 0.42002594, z: -0.015195324, w: -1}
  - {x: 0.8225597, y: 0.5679693, z: -0.028396394, w: -1}
  - {x: -1, y: 0, z: 0, w: -1}
  - {x: -1, y: 0, z: 0, w: -1}
  - {x: -1, y: 0, z: 0, w: -1}
  - {x: -1, y: 0, z: 0, w: -1}
  - {x: 0.9897265, y: 0.14297391, z: -0.000000028178945, w: -1}
  - {x: 0.96750706, y: 0.25189385, z: -0.021898981, w: -1}
  - {x: 0.96750706, y: 0.25189385, z: -0.021898981, w: -1}
  - {x: 0.93276024, y: 0.35786852, z: -0.04345669, w: -1}
  - {x: -1, y: 0, z: 0, w: -1}
  - {x: -1, y: 0, z: 0, w: -1}
  - {x: -1, y: 0, z: 0, w: -1}
  - {x: -1, y: 0, z: 0, w: -1}
  - {x: 1, y: 0, z: 0, w: -1}
  - {x: 0.99999607, y: 0.0028244604, z: -0.000016291238, w: -1}
  - {x: 0.99999607, y: 0.0028244604, z: -0.000016291238, w: -1}
  - {x: 0.9999841, y: 0.0056489045, z: -0.000032582433, w: -1}
  - {x: 0.9132672, y: 0, z: -0.40736118, w: -1}
  - {x: 0.9132672, y: 0, z: -0.40736118, w: -1}
  - {x: 0.9132672, y: 0, z: -0.40736118, w: -1}
  - {x: 0.9132672, y: 0, z: -0.40736118, w: -1}
  - {x: -0.95633775, y: 0, z: -0.29226384, w: -1}
  - {x: -0.95633775, y: 0, z: -0.29226384, w: -1}
  - {x: -0.95633775, y: 0, z: -0.29226384, w: -1}
  - {x: -0.95633775, y: 0, z: -0.29226384, w: -1}
  - {x: -0.92131126, y: 0, z: -0.38882598, w: -1}
  - {x: -0.96156245, y: -0.04470613, z: -0.27092257, w: -1}
  - {x: -0.96156245, y: -0.04470613, z: -0.27092257, w: -1}
  - {x: -0.98510265, y: -0.089801155, z: -0.14665808, w: -1}
  - {x: 0.8897409, y: 0.45646605, z: 0.00000001729106, w: -1}
  - {x: 0.8922895, y: 0.45146295, z: 0.00083278347, w: -1}
  - {x: 0.8922895, y: 0.45146295, z: 0.00083278347, w: -1}
  - {x: 0.8948106, y: 0.44644287, z: 0.0016658709, w: -1}
  - {x: 0.83936197, y: 0, z: 0.5435729, w: -1}
  - {x: 0.839362, y: 0, z: 0.5435729, w: -1}
  - {x: 0.839362, y: 0, z: 0.5435729, w: -1}
  - {x: 0.839362, y: 0, z: 0.5435729, w: -1}
  - {x: -1, y: 0, z: 0, w: -1}
  - {x: -1, y: 0, z: 0, w: -1}
  - {x: -1, y: 0, z: 0, w: -1}
  - {x: -1, y: 0, z: 0, w: -1}
  - {x: -0.9286907, y: 0, z: 0.3708553, w: -1}
  - {x: -0.9286907, y: 0, z: 0.3708553, w: -1}
  - {x: -0.9286907, y: 0, z: 0.3708553, w: -1}
  - {x: -0.9286907, y: 0, z: 0.3708553, w: -1}
  - {x: 0.8885289, y: 0.45882076, z: 0.00000009334024, w: -1}
  - {x: 0.90709466, y: 0.42087978, z: -0.0062925266, w: -1}
  - {x: 0.90709466, y: 0.42087978, z: -0.0062925266, w: -1}
  - {x: 0.92403036, y: 0.38211188, z: -0.012589409, w: -1}
  - {x: 0.9856744, y: 0.000000051554775, z: -0.16865946, w: -1}
  - {x: 0.97227913, y: -0.02135753, z: -0.23284565, w: -1}
  - {x: 0.97227913, y: -0.02135753, z: -0.23284565, w: -1}
  - {x: 0.95415074, y: -0.042783372, z: -0.29625326, w: -1}
  - {x: -1, y: 0, z: 0, w: -1}
  - {x: -1, y: 0, z: 0, w: -1}
  - {x: -1, y: 0, z: 0, w: -1}
  - {x: -1, y: 0, z: 0, w: -1}
  - {x: -0.8289172, y: 0, z: 0.5593714, w: -1}
  - {x: -0.82891715, y: 0, z: 0.5593715, w: -1}
  - {x: -0.82891715, y: 0, z: 0.5593715, w: -1}
  - {x: -0.82891715, y: 0, z: 0.5593715, w: -1}
  - {x: 0.93427086, y: 0.35656407, z: 0.000000024375503, w: -1}
  - {x: 0.9646798, y: 0.26274133, z: -0.018974163, w: -1}
  - {x: 0.9646798, y: 0.26274133, z: -0.018974163, w: -1}
  - {x: 0.98540825, y: 0.16592823, z: -0.03792834, w: -1}
  - {x: 0.7764703, y: -0.000000008491859, z: -0.6301539, w: -1}
  - {x: 0.83859515, y: 0.039584987, z: -0.543315, w: -1}
  - {x: 0.83859515, y: 0.039584987, z: -0.543315, w: -1}
  - {x: 0.89285004, y: 0.07926193, z: -0.44332427, w: -1}
  - {x: -0.9804077, y: 0.19697912, z: -0.00000002610395, w: -1}
  - {x: -0.98036784, y: 0.1971775, z: -0.00007237485, w: -1}
  - {x: -0.98036784, y: 0.1971775, z: -0.00007237485, w: -1}
  - {x: -0.9803279, y: 0.19737585, z: -0.00014471766, w: -1}
  - {x: -0.8737805, y: 0.000000032139454, z: -0.48632056, w: -1}
  - {x: -0.8115391, y: 0.057154723, z: -0.581496, w: -1}
  - {x: -0.8115391, y: 0.057154723, z: -0.581496, w: -1}
  - {x: -0.7272992, y: 0.115160085, z: -0.67658997, w: -1}
  - {x: 0.9503919, y: 0.31105524, z: -4.2032908e-10, w: -1}
  - {x: 0.9525569, y: 0.30436024, z: 0.00056602305, w: -1}
  - {x: 0.9525569, y: 0.30436024, z: 0.00056602305, w: -1}
  - {x: 0.9547193, y: 0.29750586, z: 0.0011603757, w: -1}
  - {x: 0.82891715, y: 0, z: 0.5593714, w: -1}
  - {x: 0.82891715, y: 0, z: 0.55937153, w: -1}
  - {x: 0.82891715, y: 0, z: 0.55937153, w: -1}
  - {x: 0.82891715, y: 0, z: 0.5593715, w: -1}
  - {x: -0.96056265, y: 0.27806377, z: 0.000000116950616, w: -1}
  - {x: -0.9646124, y: 0.2636508, z: -0.003332758, w: -1}
  - {x: -0.9646124, y: 0.2636508, z: -0.003332758, w: -1}
  - {x: -0.9684364, y: 0.24917172, z: -0.006665929, w: -1}
  - {x: -0.5443853, y: 0, z: 0.8388353, w: -1}
  - {x: -0.5443853, y: 0, z: 0.8388353, w: -1}
  - {x: -0.5443853, y: 0, z: 0.8388353, w: -1}
  - {x: -0.5443853, y: 0, z: 0.8388353, w: -1}
  - {x: 0.9860435, y: 0.16648778, z: -0.000000021843409, w: -1}
  - {x: 0.9912751, y: 0.13138048, z: -0.01062935, w: -1}
  - {x: 0.9912751, y: 0.13138048, z: -0.01062935, w: -1}
  - {x: 0.9951457, y: 0.09609243, z: -0.02124398, w: -1}
  - {x: 0.31036675, y: 0, z: -0.95061696, w: -1}
  - {x: 0.31036675, y: 0, z: -0.95061696, w: -1}
  - {x: 0.31036675, y: 0, z: -0.95061696, w: -1}
  - {x: 0.31036675, y: 0, z: -0.95061696, w: -1}
  - {x: -0.99968165, y: -0.025231844, z: 0.000000024174547, w: -1}
  - {x: -0.9997725, y: -0.02133032, z: 0.000177184, w: -1}
  - {x: -0.9997725, y: -0.02133032, z: 0.000177184, w: -1}
  - {x: -0.99984807, y: -0.017428214, z: 0.00035435494, w: -1}
  - {x: -0.50377566, y: 0, z: -0.86383456, w: -1}
  - {x: -0.5037757, y: 0, z: -0.8638345, w: -1}
  - {x: -0.5037757, y: 0, z: -0.8638345, w: -1}
  - {x: -0.5037757, y: 0, z: -0.8638345, w: -1}
  - {x: 0.9699159, y: 0.24344034, z: -0.000000032143802, w: -1}
  - {x: 0.97489405, y: 0.2226089, z: 0.005194619, w: -1}
  - {x: 0.97489405, y: 0.2226089, z: 0.005194619, w: -1}
  - {x: 0.9794639, y: 0.2013461, z: 0.010500638, w: -1}
  - {x: 0.7526596, y: 0, z: 0.65840983, w: -1}
  - {x: 0.7526597, y: 0, z: 0.65840983, w: -1}
  - {x: 0.7526597, y: 0, z: 0.65840983, w: -1}
  - {x: 0.7526597, y: 0, z: 0.65840983, w: -1}
  - {x: -0.998631, y: -0.0523087, z: 0.000000065499144, w: -1}
  - {x: -0.99928474, y: -0.037807714, z: -0.00075896457, w: -1}
  - {x: -0.99928474, y: -0.037807714, z: -0.00075896457, w: -1}
  - {x: -0.9997274, y: -0.02329874, z: -0.0015178338, w: -1}
  m_Colors: []
  m_UnwrapParameters:
    m_HardAngle: 88
    m_PackMargin: 20
    m_AngleError: 8
    m_AreaError: 15
  m_PreserveMeshAssetOnDestroy: 0
  assetGuid: 
  m_Mesh: {fileID: 0}
  m_VersionIndex: 6123
  m_IsSelectable: 1
  m_SelectedFaces: 
  m_SelectedEdges: []
  m_SelectedVertices: 
--- !u!114 &8525313502574917032
MonoBehaviour:
  m_ObjectHideFlags: 0
  m_CorrespondingSourceObject: {fileID: 0}
  m_PrefabInstance: {fileID: 0}
  m_PrefabAsset: {fileID: 0}
  m_GameObject: {fileID: 8525313502574917036}
  m_Enabled: 1
  m_EditorHideFlags: 0
  m_Script: {fileID: 11500000, guid: 1ca002da428252441b92f28d83c8a65f, type: 3}
  m_Name: 
  m_EditorClassIdentifier: 
  m_Shape:
    rid: 4699640485948162061
  m_Size: {x: 20, y: 10, z: 20}
  m_Rotation: {x: 0, y: 0, z: 0, w: 1}
  m_PivotLocation: 0
  m_PivotPosition: {x: 0, y: 0, z: 0}
  m_UnmodifiedMeshVersion: 2573
  m_ShapeBox:
    m_Center: {x: 0, y: 0, z: 0}
    m_Extent: {x: 10, y: 5, z: 10}
  references:
    version: 2
    RefIds:
    - rid: 4699640485948162061
      type: {class: Pipe, ns: UnityEngine.ProBuilder.Shapes, asm: Unity.ProBuilder}
      data:
        m_Thickness: 4
        m_NumberOfSides: 10
        m_HeightCuts: 0
        m_Smooth: 1
--- !u!23 &8525313502574917039
MeshRenderer:
  m_ObjectHideFlags: 0
  m_CorrespondingSourceObject: {fileID: 0}
  m_PrefabInstance: {fileID: 0}
  m_PrefabAsset: {fileID: 0}
  m_GameObject: {fileID: 8525313502574917036}
  m_Enabled: 1
  m_CastShadows: 1
  m_ReceiveShadows: 1
  m_DynamicOccludee: 1
  m_StaticShadowCaster: 0
  m_MotionVectors: 1
  m_LightProbeUsage: 1
  m_ReflectionProbeUsage: 1
  m_RayTracingMode: 2
  m_RayTraceProcedural: 0
  m_RenderingLayerMask: 1
  m_RendererPriority: 0
  m_Materials:
  - {fileID: 2100000, guid: b1d05c9329273254fa48a352a46dd303, type: 2}
  m_StaticBatchInfo:
    firstSubMesh: 0
    subMeshCount: 0
  m_StaticBatchRoot: {fileID: 0}
  m_ProbeAnchor: {fileID: 0}
  m_LightProbeVolumeOverride: {fileID: 0}
  m_ScaleInLightmap: 1
  m_ReceiveGI: 1
  m_PreserveUVs: 0
  m_IgnoreNormalsForChartDetection: 0
  m_ImportantGI: 0
  m_StitchLightmapSeams: 1
  m_SelectedEditorRenderState: 2
  m_MinimumChartSize: 4
  m_AutoUVMaxDistance: 0.5
  m_AutoUVMaxAngle: 89
  m_LightmapParameters: {fileID: 0}
  m_SortingLayerID: 0
  m_SortingLayer: 0
  m_SortingOrder: 0
  m_AdditionalVertexStreams: {fileID: 0}
--- !u!33 &8525313502574917038
MeshFilter:
  m_ObjectHideFlags: 0
  m_CorrespondingSourceObject: {fileID: 0}
  m_PrefabInstance: {fileID: 0}
  m_PrefabAsset: {fileID: 0}
  m_GameObject: {fileID: 8525313502574917036}
  m_Mesh: {fileID: 0}
--- !u!64 &8525313502574917037
MeshCollider:
  m_ObjectHideFlags: 0
  m_CorrespondingSourceObject: {fileID: 0}
  m_PrefabInstance: {fileID: 0}
  m_PrefabAsset: {fileID: 0}
  m_GameObject: {fileID: 8525313502574917036}
  m_Material: {fileID: 0}
  m_IsTrigger: 0
  m_Enabled: 1
  serializedVersion: 4
  m_Convex: 0
  m_CookingOptions: 30
  m_Mesh: {fileID: 0}
