%YAML 1.1
%TAG !u! tag:unity3d.com,2011:
--- !u!1 &6520655279120446628
GameObject:
  m_ObjectHideFlags: 0
  m_CorrespondingSourceObject: {fileID: 0}
  m_PrefabInstance: {fileID: 0}
  m_PrefabAsset: {fileID: 0}
  serializedVersion: 6
  m_Component:
  - component: {fileID: 6520655279120446634}
  - component: {fileID: 6520655279120446635}
  - component: {fileID: 6520655279120446632}
  - component: {fileID: 6520655279120446633}
  - component: {fileID: 6520655279120446630}
  - component: {fileID: 6520655279120446631}
  m_Layer: 0
  m_Name: StoneArc2
  m_TagString: Untagged
  m_Icon: {fileID: 0}
  m_NavMeshLayer: 0
  m_StaticEditorFlags: 0
  m_IsActive: 1
--- !u!4 &6520655279120446634
Transform:
  m_ObjectHideFlags: 0
  m_CorrespondingSourceObject: {fileID: 0}
  m_PrefabInstance: {fileID: 0}
  m_PrefabAsset: {fileID: 0}
  m_GameObject: {fileID: 6520655279120446628}
  m_LocalRotation: {x: 0, y: 0, z: 0.7071068, w: 0.7071068}
  m_LocalPosition: {x: 28.482428, y: 8.587938, z: -14.72}
  m_LocalScale: {x: 2, y: 2, z: 2}
  m_ConstrainProportionsScale: 0
  m_Children: []
  m_Father: {fileID: 0}
  m_RootOrder: 0
  m_LocalEulerAnglesHint: {x: 0, y: 0, z: 90}
--- !u!114 &6520655279120446635
MonoBehaviour:
  m_ObjectHideFlags: 0
  m_CorrespondingSourceObject: {fileID: 0}
  m_PrefabInstance: {fileID: 0}
  m_PrefabAsset: {fileID: 0}
  m_GameObject: {fileID: 6520655279120446628}
  m_Enabled: 1
  m_EditorHideFlags: 0
  m_Script: {fileID: 11500000, guid: bb977b126bc1b4f15813dcf9da9bb600, type: 3}
  m_Name: 
  m_EditorClassIdentifier: 
  m_Points:
  - {x: 0.7523862, y: -0.00000011920929, z: -0.9546137}
  - {x: 3.3339205, y: 0.0000014305115, z: -1.1683226}
  - {x: 5.209527, y: 0.0000014305115, z: -1.1346283}
  - {x: 6.197714, y: 0.0000009536743, z: 1.1668849}
  - {x: 6.1591287, y: 0.0000009536743, z: 1.5265188}
  - {x: 6.0384774, y: 0.0000009536743, z: 2.5935907}
  - {x: 5.9122343, y: 0.0000009536743, z: 3.7246585}
  - {x: 4.2809258, y: 0.0000014305115, z: 5.1590786}
  - {x: 1.4455668, y: 0.000000834465, z: 5.900032}
  - {x: 0.49217182, y: 0.0000008940697, z: 4.8103876}
  - {x: 0.6075507, y: 0.0000008940697, z: 3.029645}
  - {x: 1.5739918, y: 0.0000009536743, z: 3.180163}
  - {x: 2.6148174, y: 0.00000071525574, z: 3.2751646}
  - {x: 3.7994175, y: 0.0000009536743, z: 3.3832889}
  - {x: 4.543679, y: 0.0000014305115, z: 2.3265896}
  - {x: 4.5858917, y: 0.0000014305115, z: 2.0922403}
  - {x: 4.7324333, y: 0.0000014305115, z: 1.278676}
  - {x: 4.288769, y: 0.0000014305115, z: 0.8870754}
  - {x: 3.9668913, y: 0.0000009536743, z: 0.602973}
  - {x: 3.4804163, y: 0.00000047683716, z: 0.13590622}
  - {x: 3.01931, y: 0.00000047683716, z: -0.3068018}
  - {x: 2.2511895, y: 0.00000071525574, z: 0.37353992}
  - {x: 0.64636093, y: 0.000001847744, z: 0.59298325}
  m_Extrude: 1.9736967
  m_EditMode: 0
  m_FlipNormals: 0
  isOnGrid: 0
--- !u!33 &6520655279120446632
MeshFilter:
  m_ObjectHideFlags: 0
  m_CorrespondingSourceObject: {fileID: 0}
  m_PrefabInstance: {fileID: 0}
  m_PrefabAsset: {fileID: 0}
  m_GameObject: {fileID: 6520655279120446628}
  m_Mesh: {fileID: 0}
--- !u!23 &6520655279120446633
MeshRenderer:
  m_ObjectHideFlags: 0
  m_CorrespondingSourceObject: {fileID: 0}
  m_PrefabInstance: {fileID: 0}
  m_PrefabAsset: {fileID: 0}
  m_GameObject: {fileID: 6520655279120446628}
  m_Enabled: 1
  m_CastShadows: 1
  m_ReceiveShadows: 1
  m_DynamicOccludee: 1
  m_StaticShadowCaster: 0
  m_MotionVectors: 1
  m_LightProbeUsage: 1
  m_ReflectionProbeUsage: 1
  m_RayTracingMode: 2
  m_RayTraceProcedural: 0
  m_RenderingLayerMask: 1
  m_RendererPriority: 0
  m_Materials:
  - {fileID: 2100000, guid: c22777d6e868e4f2fb421913386b154e, type: 2}
  m_StaticBatchInfo:
    firstSubMesh: 0
    subMeshCount: 0
  m_StaticBatchRoot: {fileID: 0}
  m_ProbeAnchor: {fileID: 0}
  m_LightProbeVolumeOverride: {fileID: 0}
  m_ScaleInLightmap: 1
  m_ReceiveGI: 1
  m_PreserveUVs: 0
  m_IgnoreNormalsForChartDetection: 0
  m_ImportantGI: 0
  m_StitchLightmapSeams: 1
  m_SelectedEditorRenderState: 2
  m_MinimumChartSize: 4
  m_AutoUVMaxDistance: 0.5
  m_AutoUVMaxAngle: 89
  m_LightmapParameters: {fileID: 0}
  m_SortingLayerID: 0
  m_SortingLayer: 0
  m_SortingOrder: 0
  m_AdditionalVertexStreams: {fileID: 0}
--- !u!114 &6520655279120446630
MonoBehaviour:
  m_ObjectHideFlags: 0
  m_CorrespondingSourceObject: {fileID: 0}
  m_PrefabInstance: {fileID: 0}
  m_PrefabAsset: {fileID: 0}
  m_GameObject: {fileID: 6520655279120446628}
  m_Enabled: 1
  m_EditorHideFlags: 0
  m_Script: {fileID: 11500000, guid: 8233d90336aea43098adf6dbabd606a2, type: 3}
  m_Name: 
  m_EditorClassIdentifier: 
  m_MeshFormatVersion: 2
  m_Faces:
  - m_Indexes: 000000000100000002000000010000000300000002000000
    m_SmoothingGroup: 0
    m_Uv:
      m_UseWorldSpace: 0
      m_FlipU: 0
      m_FlipV: 0
      m_SwapUV: 0
      m_Fill: 1
      m_Scale: {x: 1, y: 1}
      m_Offset: {x: 0, y: 0}
      m_Rotation: 0
      m_Anchor: 9
    m_Material: {fileID: 0}
    m_SubmeshIndex: 0
    m_ManualUV: 0
    elementGroup: -1
    m_TextureGroup: -1
  - m_Indexes: 040000000500000006000000050000000700000006000000
    m_SmoothingGroup: 0
    m_Uv:
      m_UseWorldSpace: 0
      m_FlipU: 0
      m_FlipV: 0
      m_SwapUV: 0
      m_Fill: 1
      m_Scale: {x: 1, y: 1}
      m_Offset: {x: 0, y: 0}
      m_Rotation: 0
      m_Anchor: 9
    m_Material: {fileID: 0}
    m_SubmeshIndex: 0
    m_ManualUV: 0
    elementGroup: -1
    m_TextureGroup: -1
  - m_Indexes: 08000000090000000a000000090000000b0000000a000000
    m_SmoothingGroup: 0
    m_Uv:
      m_UseWorldSpace: 0
      m_FlipU: 0
      m_FlipV: 0
      m_SwapUV: 0
      m_Fill: 1
      m_Scale: {x: 1, y: 1}
      m_Offset: {x: 0, y: 0}
      m_Rotation: 0
      m_Anchor: 9
    m_Material: {fileID: 0}
    m_SubmeshIndex: 0
    m_ManualUV: 0
    elementGroup: -1
    m_TextureGroup: -1
  - m_Indexes: 0c0000000d0000000e0000000d0000000f0000000e000000
    m_SmoothingGroup: 0
    m_Uv:
      m_UseWorldSpace: 0
      m_FlipU: 0
      m_FlipV: 0
      m_SwapUV: 0
      m_Fill: 1
      m_Scale: {x: 1, y: 1}
      m_Offset: {x: 0.000000059604645, y: 0}
      m_Rotation: 0
      m_Anchor: 9
    m_Material: {fileID: 0}
    m_SubmeshIndex: 0
    m_ManualUV: 0
    elementGroup: -1
    m_TextureGroup: -1
  - m_Indexes: 100000001100000012000000110000001300000012000000
    m_SmoothingGroup: 0
    m_Uv:
      m_UseWorldSpace: 0
      m_FlipU: 0
      m_FlipV: 0
      m_SwapUV: 0
      m_Fill: 1
      m_Scale: {x: 1, y: 1}
      m_Offset: {x: 0, y: 0}
      m_Rotation: 0
      m_Anchor: 9
    m_Material: {fileID: 0}
    m_SubmeshIndex: 0
    m_ManualUV: 0
    elementGroup: -1
    m_TextureGroup: -1
  - m_Indexes: 140000001500000016000000150000001700000016000000
    m_SmoothingGroup: 0
    m_Uv:
      m_UseWorldSpace: 0
      m_FlipU: 0
      m_FlipV: 0
      m_SwapUV: 0
      m_Fill: 1
      m_Scale: {x: 1, y: 1}
      m_Offset: {x: 0, y: 0}
      m_Rotation: 0
      m_Anchor: 9
    m_Material: {fileID: 0}
    m_SubmeshIndex: 0
    m_ManualUV: 0
    elementGroup: -1
    m_TextureGroup: -1
  - m_Indexes: 18000000190000001a000000190000001b0000001a000000
    m_SmoothingGroup: 0
    m_Uv:
      m_UseWorldSpace: 0
      m_FlipU: 0
      m_FlipV: 0
      m_SwapUV: 0
      m_Fill: 1
      m_Scale: {x: 1, y: 1}
      m_Offset: {x: 0, y: 0}
      m_Rotation: 0
      m_Anchor: 9
    m_Material: {fileID: 0}
    m_SubmeshIndex: 0
    m_ManualUV: 0
    elementGroup: -1
    m_TextureGroup: -1
  - m_Indexes: 1c0000001d0000001e0000001d0000001f0000001e000000
    m_SmoothingGroup: 0
    m_Uv:
      m_UseWorldSpace: 0
      m_FlipU: 0
      m_FlipV: 0
      m_SwapUV: 0
      m_Fill: 1
      m_Scale: {x: 1, y: 1}
      m_Offset: {x: 0, y: 0}
      m_Rotation: 0
      m_Anchor: 9
    m_Material: {fileID: 0}
    m_SubmeshIndex: 0
    m_ManualUV: 0
    elementGroup: -1
    m_TextureGroup: -1
  - m_Indexes: 200000002100000022000000210000002300000022000000
    m_SmoothingGroup: 0
    m_Uv:
      m_UseWorldSpace: 0
      m_FlipU: 0
      m_FlipV: 0
      m_SwapUV: 0
      m_Fill: 1
      m_Scale: {x: 1, y: 1}
      m_Offset: {x: 0, y: 0}
      m_Rotation: 0
      m_Anchor: 9
    m_Material: {fileID: 0}
    m_SubmeshIndex: 0
    m_ManualUV: 0
    elementGroup: -1
    m_TextureGroup: -1
  - m_Indexes: 240000002500000026000000250000002700000026000000
    m_SmoothingGroup: 0
    m_Uv:
      m_UseWorldSpace: 0
      m_FlipU: 0
      m_FlipV: 0
      m_SwapUV: 0
      m_Fill: 1
      m_Scale: {x: 1, y: 1}
      m_Offset: {x: 0, y: 0}
      m_Rotation: 0
      m_Anchor: 9
    m_Material: {fileID: 0}
    m_SubmeshIndex: 0
    m_ManualUV: 0
    elementGroup: -1
    m_TextureGroup: -1
  - m_Indexes: 28000000290000002a000000290000002b0000002a000000
    m_SmoothingGroup: 0
    m_Uv:
      m_UseWorldSpace: 0
      m_FlipU: 0
      m_FlipV: 0
      m_SwapUV: 0
      m_Fill: 1
      m_Scale: {x: 1, y: 1}
      m_Offset: {x: 0, y: 0}
      m_Rotation: 0
      m_Anchor: 9
    m_Material: {fileID: 0}
    m_SubmeshIndex: 0
    m_ManualUV: 0
    elementGroup: -1
    m_TextureGroup: -1
  - m_Indexes: 2c0000002d0000002e0000002d0000002f0000002e000000
    m_SmoothingGroup: 0
    m_Uv:
      m_UseWorldSpace: 0
      m_FlipU: 0
      m_FlipV: 0
      m_SwapUV: 0
      m_Fill: 1
      m_Scale: {x: 1, y: 1}
      m_Offset: {x: 0, y: 0}
      m_Rotation: 0
      m_Anchor: 9
    m_Material: {fileID: 0}
    m_SubmeshIndex: 0
    m_ManualUV: 0
    elementGroup: -1
    m_TextureGroup: -1
  - m_Indexes: 300000003100000032000000310000003300000032000000
    m_SmoothingGroup: 0
    m_Uv:
      m_UseWorldSpace: 0
      m_FlipU: 0
      m_FlipV: 0
      m_SwapUV: 0
      m_Fill: 1
      m_Scale: {x: 1, y: 1}
      m_Offset: {x: 0, y: 0}
      m_Rotation: 0
      m_Anchor: 9
    m_Material: {fileID: 0}
    m_SubmeshIndex: 0
    m_ManualUV: 0
    elementGroup: -1
    m_TextureGroup: -1
  - m_Indexes: 350000003600000034000000340000003600000038000000380000003600000037000000
    m_SmoothingGroup: 0
    m_Uv:
      m_UseWorldSpace: 0
      m_FlipU: 0
      m_FlipV: 0
      m_SwapUV: 0
      m_Fill: 1
      m_Scale: {x: 1, y: 1}
      m_Offset: {x: 0, y: 0}
      m_Rotation: 0
      m_Anchor: 9
    m_Material: {fileID: 2100000, guid: c22777d6e868e4f2fb421913386b154e, type: 2}
    m_SubmeshIndex: 0
    m_ManualUV: 0
    elementGroup: 0
    m_TextureGroup: -1
  - m_Indexes: 390000003a0000003b000000390000003b0000003c000000
    m_SmoothingGroup: 0
    m_Uv:
      m_UseWorldSpace: 0
      m_FlipU: 0
      m_FlipV: 0
      m_SwapUV: 0
      m_Fill: 1
      m_Scale: {x: 1, y: 1}
      m_Offset: {x: 0, y: 0}
      m_Rotation: 0
      m_Anchor: 9
    m_Material: {fileID: 2100000, guid: c22777d6e868e4f2fb421913386b154e, type: 2}
    m_SubmeshIndex: 0
    m_ManualUV: 0
    elementGroup: 0
    m_TextureGroup: 1
  - m_Indexes: 3d0000003f000000400000003d0000003e0000003f000000
    m_SmoothingGroup: 0
    m_Uv:
      m_UseWorldSpace: 0
      m_FlipU: 0
      m_FlipV: 0
      m_SwapUV: 0
      m_Fill: 1
      m_Scale: {x: 1, y: 1}
      m_Offset: {x: 0, y: 0}
      m_Rotation: 0
      m_Anchor: 9
    m_Material: {fileID: 2100000, guid: c22777d6e868e4f2fb421913386b154e, type: 2}
    m_SubmeshIndex: 0
    m_ManualUV: 0
    elementGroup: 0
    m_TextureGroup: 1
  - m_Indexes: 440000004200000043000000410000004200000044000000
    m_SmoothingGroup: 0
    m_Uv:
      m_UseWorldSpace: 0
      m_FlipU: 0
      m_FlipV: 0
      m_SwapUV: 0
      m_Fill: 1
      m_Scale: {x: 1, y: 1}
      m_Offset: {x: -0.000000029802322, y: 0}
      m_Rotation: 0
      m_Anchor: 9
    m_Material: {fileID: 2100000, guid: c22777d6e868e4f2fb421913386b154e, type: 2}
    m_SubmeshIndex: 0
    m_ManualUV: 0
    elementGroup: 0
    m_TextureGroup: 1
  - m_Indexes: 470000004800000046000000460000004800000045000000
    m_SmoothingGroup: 0
    m_Uv:
      m_UseWorldSpace: 0
      m_FlipU: 0
      m_FlipV: 0
      m_SwapUV: 0
      m_Fill: 1
      m_Scale: {x: 1, y: 1}
      m_Offset: {x: 0, y: 0}
      m_Rotation: 0
      m_Anchor: 9
    m_Material: {fileID: 2100000, guid: c22777d6e868e4f2fb421913386b154e, type: 2}
    m_SubmeshIndex: 0
    m_ManualUV: 0
    elementGroup: 0
    m_TextureGroup: 1
  - m_Indexes: 4c0000004d0000004b0000004d000000490000004a0000004d0000004a0000004b000000
    m_SmoothingGroup: 0
    m_Uv:
      m_UseWorldSpace: 0
      m_FlipU: 0
      m_FlipV: 0
      m_SwapUV: 0
      m_Fill: 1
      m_Scale: {x: 1, y: 1}
      m_Offset: {x: 0, y: 0}
      m_Rotation: 0
      m_Anchor: 9
    m_Material: {fileID: 2100000, guid: c22777d6e868e4f2fb421913386b154e, type: 2}
    m_SubmeshIndex: 0
    m_ManualUV: 0
    elementGroup: 0
    m_TextureGroup: -1
  - m_Indexes: 4e0000004f00000050000000510000004e00000050000000
    m_SmoothingGroup: 0
    m_Uv:
      m_UseWorldSpace: 0
      m_FlipU: 0
      m_FlipV: 0
      m_SwapUV: 0
      m_Fill: 1
      m_Scale: {x: 1, y: 1}
      m_Offset: {x: 0, y: 0}
      m_Rotation: 0
      m_Anchor: 9
    m_Material: {fileID: 2100000, guid: c22777d6e868e4f2fb421913386b154e, type: 2}
    m_SubmeshIndex: 0
    m_ManualUV: 0
    elementGroup: 0
    m_TextureGroup: 3
  - m_Indexes: 520000005300000054000000520000005400000055000000
    m_SmoothingGroup: 0
    m_Uv:
      m_UseWorldSpace: 0
      m_FlipU: 0
      m_FlipV: 0
      m_SwapUV: 0
      m_Fill: 1
      m_Scale: {x: 1, y: 1}
      m_Offset: {x: 0, y: 0}
      m_Rotation: 0
      m_Anchor: 9
    m_Material: {fileID: 2100000, guid: c22777d6e868e4f2fb421913386b154e, type: 2}
    m_SubmeshIndex: 0
    m_ManualUV: 0
    elementGroup: 0
    m_TextureGroup: 3
  - m_Indexes: 580000005900000056000000580000005600000057000000
    m_SmoothingGroup: 0
    m_Uv:
      m_UseWorldSpace: 0
      m_FlipU: 0
      m_FlipV: 0
      m_SwapUV: 0
      m_Fill: 1
      m_Scale: {x: 1, y: 1}
      m_Offset: {x: 0, y: 0}
      m_Rotation: 0
      m_Anchor: 9
    m_Material: {fileID: 2100000, guid: c22777d6e868e4f2fb421913386b154e, type: 2}
    m_SubmeshIndex: 0
    m_ManualUV: 0
    elementGroup: 0
    m_TextureGroup: 3
  - m_Indexes: 5d0000005b0000005c0000005d0000005a0000005b000000
    m_SmoothingGroup: 0
    m_Uv:
      m_UseWorldSpace: 0
      m_FlipU: 0
      m_FlipV: 0
      m_SwapUV: 0
      m_Fill: 1
      m_Scale: {x: 1, y: 1}
      m_Offset: {x: 0, y: 0}
      m_Rotation: 0
      m_Anchor: 9
    m_Material: {fileID: 2100000, guid: c22777d6e868e4f2fb421913386b154e, type: 2}
    m_SubmeshIndex: 0
    m_ManualUV: 0
    elementGroup: 0
    m_TextureGroup: 3
  - m_Indexes: 600000005e0000005f00000060000000610000005e000000
    m_SmoothingGroup: 0
    m_Uv:
      m_UseWorldSpace: 0
      m_FlipU: 0
      m_FlipV: 0
      m_SwapUV: 0
      m_Fill: 1
      m_Scale: {x: 1, y: 1}
      m_Offset: {x: 0, y: 0}
      m_Rotation: 0
      m_Anchor: 9
    m_Material: {fileID: 2100000, guid: c22777d6e868e4f2fb421913386b154e, type: 2}
    m_SubmeshIndex: 0
    m_ManualUV: 0
    elementGroup: 0
    m_TextureGroup: 3
  - m_Indexes: 630000006400000065000000660000006300000065000000660000006200000063000000
    m_SmoothingGroup: 0
    m_Uv:
      m_UseWorldSpace: 0
      m_FlipU: 0
      m_FlipV: 0
      m_SwapUV: 0
      m_Fill: 1
      m_Scale: {x: 1, y: 1}
      m_Offset: {x: 0, y: 0}
      m_Rotation: 0
      m_Anchor: 9
    m_Material: {fileID: 2100000, guid: c22777d6e868e4f2fb421913386b154e, type: 2}
    m_SubmeshIndex: 0
    m_ManualUV: 0
    elementGroup: 0
    m_TextureGroup: 2
  - m_Indexes: 68000000690000006a0000006b000000680000006a0000006b0000006700000068000000
    m_SmoothingGroup: 0
    m_Uv:
      m_UseWorldSpace: 0
      m_FlipU: 0
      m_FlipV: 0
      m_SwapUV: 0
      m_Fill: 1
      m_Scale: {x: 1, y: 1}
      m_Offset: {x: 0.000000029802322, y: -0.00000011920929}
      m_Rotation: 0
      m_Anchor: 9
    m_Material: {fileID: 2100000, guid: c22777d6e868e4f2fb421913386b154e, type: 2}
    m_SubmeshIndex: 0
    m_ManualUV: 0
    elementGroup: 0
    m_TextureGroup: 2
  - m_Indexes: 700000006c0000006d000000700000006d0000006e0000006f000000700000006e000000
    m_SmoothingGroup: 0
    m_Uv:
      m_UseWorldSpace: 0
      m_FlipU: 0
      m_FlipV: 0
      m_SwapUV: 0
      m_Fill: 1
      m_Scale: {x: 1, y: 1}
      m_Offset: {x: 0, y: 0}
      m_Rotation: 0
      m_Anchor: 9
    m_Material: {fileID: 2100000, guid: c22777d6e868e4f2fb421913386b154e, type: 2}
    m_SubmeshIndex: 0
    m_ManualUV: 0
    elementGroup: 0
    m_TextureGroup: -1
  - m_Indexes: 740000007100000072000000740000007200000073000000710000007400000075000000
    m_SmoothingGroup: 0
    m_Uv:
      m_UseWorldSpace: 0
      m_FlipU: 0
      m_FlipV: 0
      m_SwapUV: 0
      m_Fill: 1
      m_Scale: {x: 1, y: 1}
      m_Offset: {x: 0, y: 0}
      m_Rotation: 0
      m_Anchor: 9
    m_Material: {fileID: 2100000, guid: c22777d6e868e4f2fb421913386b154e, type: 2}
    m_SubmeshIndex: 0
    m_ManualUV: 0
    elementGroup: 0
    m_TextureGroup: 2
  - m_Indexes: 79000000760000007700000079000000770000007800000076000000790000007a000000
    m_SmoothingGroup: 0
    m_Uv:
      m_UseWorldSpace: 0
      m_FlipU: 0
      m_FlipV: 0
      m_SwapUV: 0
      m_Fill: 1
      m_Scale: {x: 1, y: 1}
      m_Offset: {x: 0, y: 0}
      m_Rotation: 0
      m_Anchor: 9
    m_Material: {fileID: 2100000, guid: c22777d6e868e4f2fb421913386b154e, type: 2}
    m_SubmeshIndex: 0
    m_ManualUV: 0
    elementGroup: 0
    m_TextureGroup: 2
  - m_Indexes: 7b0000007c0000007d0000007e0000007b0000007d000000
    m_SmoothingGroup: 0
    m_Uv:
      m_UseWorldSpace: 0
      m_FlipU: 0
      m_FlipV: 0
      m_SwapUV: 0
      m_Fill: 1
      m_Scale: {x: 1, y: 1}
      m_Offset: {x: 0, y: 0}
      m_Rotation: 0
      m_Anchor: 9
    m_Material: {fileID: 2100000, guid: c22777d6e868e4f2fb421913386b154e, type: 2}
    m_SubmeshIndex: 0
    m_ManualUV: 0
    elementGroup: 0
    m_TextureGroup: 4
  - m_Indexes: 7f0000008000000081000000820000007f00000081000000
    m_SmoothingGroup: 0
    m_Uv:
      m_UseWorldSpace: 0
      m_FlipU: 0
      m_FlipV: 0
      m_SwapUV: 0
      m_Fill: 1
      m_Scale: {x: 1, y: 1}
      m_Offset: {x: 0, y: 0}
      m_Rotation: 0
      m_Anchor: 9
    m_Material: {fileID: 2100000, guid: c22777d6e868e4f2fb421913386b154e, type: 2}
    m_SubmeshIndex: 0
    m_ManualUV: 0
    elementGroup: 0
    m_TextureGroup: 4
  - m_Indexes: 860000008300000085000000850000008300000084000000
    m_SmoothingGroup: 0
    m_Uv:
      m_UseWorldSpace: 0
      m_FlipU: 0
      m_FlipV: 0
      m_SwapUV: 0
      m_Fill: 1
      m_Scale: {x: 1, y: 1}
      m_Offset: {x: 0, y: 0}
      m_Rotation: 0
      m_Anchor: 9
    m_Material: {fileID: 2100000, guid: c22777d6e868e4f2fb421913386b154e, type: 2}
    m_SubmeshIndex: 0
    m_ManualUV: 0
    elementGroup: 0
    m_TextureGroup: 4
  - m_Indexes: 88000000890000008a000000880000008a00000087000000
    m_SmoothingGroup: 0
    m_Uv:
      m_UseWorldSpace: 0
      m_FlipU: 0
      m_FlipV: 0
      m_SwapUV: 0
      m_Fill: 1
      m_Scale: {x: 1, y: 1}
      m_Offset: {x: 0, y: 0}
      m_Rotation: 0
      m_Anchor: 9
    m_Material: {fileID: 2100000, guid: c22777d6e868e4f2fb421913386b154e, type: 2}
    m_SubmeshIndex: 0
    m_ManualUV: 0
    elementGroup: 0
    m_TextureGroup: 4
  - m_Indexes: 8b0000008c0000008d0000008b0000008d0000008e000000
    m_SmoothingGroup: 0
    m_Uv:
      m_UseWorldSpace: 0
      m_FlipU: 0
      m_FlipV: 0
      m_SwapUV: 0
      m_Fill: 1
      m_Scale: {x: 1, y: 1}
      m_Offset: {x: 0, y: 0}
      m_Rotation: 0
      m_Anchor: 9
    m_Material: {fileID: 2100000, guid: c22777d6e868e4f2fb421913386b154e, type: 2}
    m_SubmeshIndex: 0
    m_ManualUV: 0
    elementGroup: 0
    m_TextureGroup: 4
  - m_Indexes: 920000009300000091000000930000008f00000091000000910000008f00000090000000
    m_SmoothingGroup: 0
    m_Uv:
      m_UseWorldSpace: 0
      m_FlipU: 0
      m_FlipV: 0
      m_SwapUV: 0
      m_Fill: 1
      m_Scale: {x: 1, y: 1}
      m_Offset: {x: 0, y: 0}
      m_Rotation: 0
      m_Anchor: 9
    m_Material: {fileID: 2100000, guid: c22777d6e868e4f2fb421913386b154e, type: 2}
    m_SubmeshIndex: 0
    m_ManualUV: 0
    elementGroup: 0
    m_TextureGroup: -1
  - m_Indexes: 970000009400000095000000970000009500000096000000
    m_SmoothingGroup: 0
    m_Uv:
      m_UseWorldSpace: 0
      m_FlipU: 0
      m_FlipV: 0
      m_SwapUV: 0
      m_Fill: 1
      m_Scale: {x: 1, y: 1}
      m_Offset: {x: 0, y: 0}
      m_Rotation: 0
      m_Anchor: 9
    m_Material: {fileID: 2100000, guid: c22777d6e868e4f2fb421913386b154e, type: 2}
    m_SubmeshIndex: 0
    m_ManualUV: 0
    elementGroup: 0
    m_TextureGroup: 5
  - m_Indexes: 9b00000098000000990000009b000000990000009a000000
    m_SmoothingGroup: 0
    m_Uv:
      m_UseWorldSpace: 0
      m_FlipU: 0
      m_FlipV: 0
      m_SwapUV: 0
      m_Fill: 1
      m_Scale: {x: 1, y: 1}
      m_Offset: {x: 0, y: 0}
      m_Rotation: 0
      m_Anchor: 9
    m_Material: {fileID: 2100000, guid: c22777d6e868e4f2fb421913386b154e, type: 2}
    m_SubmeshIndex: 0
    m_ManualUV: 0
    elementGroup: 0
    m_TextureGroup: 5
  - m_Indexes: 9e0000009f0000009c0000009e0000009c0000009d000000
    m_SmoothingGroup: 0
    m_Uv:
      m_UseWorldSpace: 0
      m_FlipU: 0
      m_FlipV: 0
      m_SwapUV: 0
      m_Fill: 1
      m_Scale: {x: 1, y: 1}
      m_Offset: {x: 0, y: 0}
      m_Rotation: 0
      m_Anchor: 9
    m_Material: {fileID: 2100000, guid: c22777d6e868e4f2fb421913386b154e, type: 2}
    m_SubmeshIndex: 0
    m_ManualUV: 0
    elementGroup: 0
    m_TextureGroup: 5
  - m_Indexes: a1000000a2000000a3000000a1000000a3000000a0000000
    m_SmoothingGroup: 0
    m_Uv:
      m_UseWorldSpace: 0
      m_FlipU: 0
      m_FlipV: 0
      m_SwapUV: 0
      m_Fill: 1
      m_Scale: {x: 1, y: 1}
      m_Offset: {x: 0, y: 0}
      m_Rotation: 0
      m_Anchor: 9
    m_Material: {fileID: 2100000, guid: c22777d6e868e4f2fb421913386b154e, type: 2}
    m_SubmeshIndex: 0
    m_ManualUV: 0
    elementGroup: 0
    m_TextureGroup: 5
  - m_Indexes: a5000000a6000000a8000000a6000000a7000000a8000000a9000000a5000000a8000000a9000000a4000000a5000000
    m_SmoothingGroup: 0
    m_Uv:
      m_UseWorldSpace: 0
      m_FlipU: 0
      m_FlipV: 0
      m_SwapUV: 0
      m_Fill: 1
      m_Scale: {x: 1, y: 1}
      m_Offset: {x: 0, y: 0}
      m_Rotation: 0
      m_Anchor: 9
    m_Material: {fileID: 2100000, guid: c22777d6e868e4f2fb421913386b154e, type: 2}
    m_SubmeshIndex: 0
    m_ManualUV: 0
    elementGroup: 0
    m_TextureGroup: -1
  - m_Indexes: c4000000c5000000c3000000c3000000c5000000aa000000c2000000c3000000aa000000ac000000aa000000ab000000aa000000ac000000c2000000c2000000ac000000ad000000c2000000ad000000c1000000c1000000ad000000ae000000c0000000c1000000ae000000c0000000ae000000af000000c0000000af000000bf000000bf000000af000000b0000000b0000000b1000000bf000000bf000000b1000000be000000b2000000b3000000b1000000b1000000b3000000be000000be000000b3000000bd000000b3000000b4000000bd000000bd000000b4000000bc000000b4000000b5000000bc000000b5000000bb000000bc000000b5000000b6000000bb000000b6000000b7000000bb000000b9000000ba000000b8000000b8000000ba000000b7000000ba000000bb000000b7000000
    m_SmoothingGroup: 0
    m_Uv:
      m_UseWorldSpace: 0
      m_FlipU: 0
      m_FlipV: 0
      m_SwapUV: 0
      m_Fill: 1
      m_Scale: {x: 1, y: 1}
      m_Offset: {x: 0, y: 0}
      m_Rotation: 0
      m_Anchor: 9
    m_Material: {fileID: 2100000, guid: c22777d6e868e4f2fb421913386b154e, type: 2}
    m_SubmeshIndex: 0
    m_ManualUV: 0
    elementGroup: 0
    m_TextureGroup: -1
  - m_Indexes: c6000000c7000000c9000000c7000000c8000000c9000000c6000000c9000000ca000000ca000000e1000000c6000000cb000000e1000000ca000000cc000000e1000000cb000000cc000000cd000000e1000000e1000000cd000000e0000000cd000000cf000000e0000000e0000000cf000000df000000cf000000d0000000df000000df000000d0000000de000000de000000d0000000d1000000de000000d1000000d2000000de000000d2000000dd000000dd000000d2000000dc000000d2000000d3000000dc000000d3000000d4000000dc000000dc000000d4000000db000000d4000000d5000000db000000d6000000db000000d5000000db000000d6000000d7000000db000000d7000000da000000d7000000d8000000da000000da000000d8000000d9000000cd000000ce000000cf000000
    m_SmoothingGroup: 0
    m_Uv:
      m_UseWorldSpace: 0
      m_FlipU: 0
      m_FlipV: 0
      m_SwapUV: 0
      m_Fill: 1
      m_Scale: {x: 1, y: 1}
      m_Offset: {x: 0, y: 0}
      m_Rotation: 0
      m_Anchor: 9
    m_Material: {fileID: 2100000, guid: c22777d6e868e4f2fb421913386b154e, type: 2}
    m_SubmeshIndex: 0
    m_ManualUV: 0
    elementGroup: 0
    m_TextureGroup: -1
  m_SharedVertices:
  - m_Vertices: 0000000005000000da000000
  - m_Vertices: 0100000034000000d9000000
  - m_Vertices: 0200000007000000c3000000
  - m_Vertices: 0300000038000000c4000000
  - m_Vertices: 0400000009000000db000000
  - m_Vertices: 060000000b000000c2000000
  - m_Vertices: 0800000015000000dc000000
  - m_Vertices: 0a00000017000000c1000000
  - m_Vertices: 0c0000004a000000d5000000
  - m_Vertices: 0d00000010000000d4000000
  - m_Vertices: 0e0000004b000000ac000000
  - m_Vertices: 0f00000012000000ad000000
  - m_Vertices: 110000008f000000d3000000
  - m_Vertices: 1300000093000000ae000000
  - m_Vertices: 1400000019000000dd000000
  - m_Vertices: 160000001b000000c0000000
  - m_Vertices: 180000001d000000de000000
  - m_Vertices: 1a0000001f000000bf000000
  - m_Vertices: 1c00000021000000df000000
  - m_Vertices: 1e00000023000000be000000
  - m_Vertices: 2000000025000000e0000000
  - m_Vertices: 2200000027000000bd000000
  - m_Vertices: 2400000029000000e1000000
  - m_Vertices: 260000002b000000bc000000
  - m_Vertices: 2800000031000000c6000000
  - m_Vertices: 2a00000033000000bb000000
  - m_Vertices: 2c0000006d000000c8000000
  - m_Vertices: 2d00000030000000c7000000
  - m_Vertices: 2e0000006e000000b9000000
  - m_Vertices: 2f00000032000000ba000000
  - m_Vertices: 3500000039000000d8000000
  - m_Vertices: 360000003c00000047000000
  - m_Vertices: 3700000046000000c5000000
  - m_Vertices: 3a0000003d000000d7000000
  - m_Vertices: 3b000000400000004400000048000000
  - m_Vertices: 3e00000049000000d6000000
  - m_Vertices: 3f000000410000004d000000
  - m_Vertices: 420000004c000000ab000000
  - m_Vertices: 4300000045000000aa000000
  - m_Vertices: 4e000000a9000000b2000000
  - m_Vertices: 4f00000052000000a8000000
  - m_Vertices: 5000000055000000590000005d00000061000000
  - m_Vertices: 5100000060000000b3000000
  - m_Vertices: 53000000a7000000cf000000
  - m_Vertices: 5400000056000000ce000000
  - m_Vertices: 5700000064000000cd000000
  - m_Vertices: 580000005a00000063000000
  - m_Vertices: 5b0000006200000069000000
  - m_Vertices: 5c0000005e00000068000000
  - m_Vertices: 5f00000067000000b4000000
  - m_Vertices: 6500000072000000cc000000
  - m_Vertices: 660000006a0000007100000077000000
  - m_Vertices: 6b00000076000000b5000000
  - m_Vertices: 6c00000084000000c9000000
  - m_Vertices: 6f00000088000000b8000000
  - m_Vertices: 700000008500000087000000
  - m_Vertices: 7300000080000000cb000000
  - m_Vertices: 740000007c0000007f000000
  - m_Vertices: 75000000780000007b000000
  - m_Vertices: 790000007e0000008d000000
  - m_Vertices: 7a0000008c000000b6000000
  - m_Vertices: 7d00000082000000860000008a0000008e000000
  - m_Vertices: 8100000083000000ca000000
  - m_Vertices: 890000008b000000b7000000
  - m_Vertices: 9000000094000000d2000000
  - m_Vertices: 9100000097000000a2000000
  - m_Vertices: 92000000a1000000af000000
  - m_Vertices: 9500000098000000d1000000
  - m_Vertices: 960000009b0000009f000000a3000000
  - m_Vertices: 99000000a6000000d0000000
  - m_Vertices: 9a0000009c000000a5000000
  - m_Vertices: 9d000000a4000000b1000000
  - m_Vertices: 9e000000a0000000b0000000
  m_SharedTextures: []
  m_Positions:
  - {x: -2.5925593, y: -1.958029, z: -3.998701}
  - {x: -2.698584, y: -1.9580264, z: -2.5194418}
  - {x: -2.5925589, y: 2.5308392, z: -3.998701}
  - {x: -2.698584, y: 2.530841, z: -2.9851456}
  - {x: -0.011024465, y: -1.9580274, z: -4.1007805}
  - {x: -2.5925593, y: -1.958029, z: -3.998701}
  - {x: -0.011023453, y: 2.5308409, z: -4.1007805}
  - {x: -2.5925589, y: 2.5308392, z: -3.998701}
  - {x: 2.0987544, y: -1.9580265, z: -3.1539812}
  - {x: -0.011024465, y: -1.9580274, z: -4.1007805}
  - {x: 1.8645835, y: 2.5308394, z: -3.5004828}
  - {x: -0.011023453, y: 2.5308409, z: -4.1007805}
  - {x: 0.13547134, y: -1.958028, z: -2.2299483}
  - {x: 0.74761677, y: -1.9580278, z: -2.0182803}
  - {x: 0.15152228, y: 2.7476568, z: -2.2225418}
  - {x: 0.43644953, y: 2.530839, z: -1.811415}
  - {x: 0.74761677, y: -1.9580278, z: -2.0182803}
  - {x: 0.9438262, y: -2.2648382, z: -1.6954694}
  - {x: 0.43644953, y: 2.530839, z: -1.811415}
  - {x: 0.79603577, y: 2.5308414, z: -1.6345296}
  - {x: 2.852769, y: -1.9580275, z: -1.1989696}
  - {x: 2.0987544, y: -1.9580265, z: -3.1539812}
  - {x: 2.8527708, y: 2.530839, z: -1.1989698}
  - {x: 1.8645835, y: 2.5308394, z: -3.5004828}
  - {x: 2.8141837, y: -1.9580275, z: -0.8393357}
  - {x: 2.852769, y: -1.9580275, z: -1.1989696}
  - {x: 2.8141856, y: 2.530839, z: -0.83933544}
  - {x: 2.8527708, y: 2.530839, z: -1.1989698}
  - {x: 2.6935325, y: -1.9580275, z: 0.22773623}
  - {x: 2.8141837, y: -1.9580275, z: -0.8393357}
  - {x: 2.6935344, y: 2.530839, z: 0.22773647}
  - {x: 2.8141856, y: 2.530839, z: -0.83933544}
  - {x: 2.5672894, y: -1.9580275, z: 1.358804}
  - {x: 2.6935325, y: -1.9580275, z: 0.22773623}
  - {x: 2.5672908, y: 2.5308385, z: 1.3588037}
  - {x: 2.6935344, y: 2.530839, z: 0.22773647}
  - {x: 0.9359808, y: -1.958027, z: 2.793224}
  - {x: 2.5672894, y: -1.9580275, z: 1.358804}
  - {x: 0.9359822, y: 2.5308394, z: 2.793224}
  - {x: 2.5672908, y: 2.5308385, z: 1.3588037}
  - {x: -1.8993782, y: -1.9580276, z: 3.5341775}
  - {x: 0.9359808, y: -1.958027, z: 2.793224}
  - {x: -1.8993775, y: 2.530839, z: 3.5341775}
  - {x: 0.9359822, y: 2.5308394, z: 2.793224}
  - {x: -2.7373948, y: -1.9580271, z: 1.9390602}
  - {x: -2.8527732, y: -1.9580276, z: 2.444533}
  - {x: -2.7373943, y: 2.5308402, z: 1.6274529}
  - {x: -2.8527727, y: 2.530839, z: 2.444533}
  - {x: -2.8527732, y: -1.9580276, z: 2.444533}
  - {x: -1.8993782, y: -1.9580276, z: 3.5341775}
  - {x: -2.8527727, y: 2.530839, z: 2.444533}
  - {x: -1.8993775, y: 2.530839, z: 3.5341775}
  - {x: -2.698584, y: -1.9580264, z: -2.5194418}
  - {x: -1.5232947, y: -1.9580275, z: -1.9923146}
  - {x: -1.3085251, y: -0.9711788, z: -1.805268}
  - {x: -1.3652104, y: 2.016407, z: -2.705927}
  - {x: -2.698584, y: 2.530841, z: -2.9851456}
  - {x: -1.5232947, y: -1.9580275, z: -1.9923146}
  - {x: -0.9244636, y: -2.1511045, z: -2.0046973}
  - {x: -0.72856975, y: 0.81880844, z: -2.12579}
  - {x: -1.3085251, y: -0.9711788, z: -1.805268}
  - {x: -0.9244636, y: -2.1511045, z: -2.0046973}
  - {x: -0.32563287, y: -2.3441815, z: -2.1502614}
  - {x: -0.36262527, y: -0.9470314, z: -2.3181844}
  - {x: -0.72856975, y: 0.81880844, z: -2.12579}
  - {x: -0.36262527, y: -0.9470314, z: -2.3181844}
  - {x: -0.20271201, y: 2.5308428, z: -2.844513}
  - {x: -0.74668694, y: 2.5308428, z: -2.8393416}
  - {x: -0.72856975, y: 0.81880844, z: -2.12579}
  - {x: -0.74668694, y: 2.5308428, z: -2.8393416}
  - {x: -1.3652104, y: 2.016407, z: -2.705927}
  - {x: -1.3085251, y: -0.9711788, z: -1.805268}
  - {x: -0.72856975, y: 0.81880844, z: -2.12579}
  - {x: -0.32563287, y: -2.3441815, z: -2.1502614}
  - {x: 0.13547134, y: -1.958028, z: -2.2299483}
  - {x: 0.15152228, y: 2.7476568, z: -2.2225418}
  - {x: -0.20271201, y: 2.5308428, z: -2.844513}
  - {x: -0.36262527, y: -0.9470314, z: -2.3181844}
  - {x: 0.53944457, y: 2.5308409, z: -0.03926468}
  - {x: 0.7568729, y: -1.0384622, z: -0.039265156}
  - {x: 0.8916478, y: 1.0689523, z: 0.60655403}
  - {x: 0.6091757, y: 2.5308394, z: 0.47311115}
  - {x: 0.7568729, y: -1.0384622, z: -0.039265156}
  - {x: 1.1987352, y: -2.0925941, z: -0.039264917}
  - {x: 0.85383093, y: -1.7668673, z: 0.52472305}
  - {x: 0.8916478, y: 1.0689523, z: 0.60655403}
  - {x: 0.85383093, y: -1.7668673, z: 0.52472305}
  - {x: 0.910069, y: -1.9580276, z: 1.0887122}
  - {x: 0.79617023, y: -1.4646032, z: 1.062906}
  - {x: 0.8916478, y: 1.0689523, z: 0.60655403}
  - {x: 0.79617023, y: -1.4646032, z: 1.062906}
  - {x: 0.6822713, y: -0.15359347, z: 1.0370998}
  - {x: 0.56837267, y: 1.0043104, z: 1.0112934}
  - {x: 0.8916478, y: 1.0689523, z: 0.60655403}
  - {x: 0.56837267, y: 1.0043104, z: 1.0112934}
  - {x: 0.45447454, y: 2.272418, z: 0.985487}
  - {x: 0.6091757, y: 2.5308394, z: 0.47311115}
  - {x: 0.8916478, y: 1.0689523, z: 0.60655403}
  - {x: 0.6822713, y: -0.15359347, z: 1.0370998}
  - {x: 0.79617023, y: -1.4646032, z: 1.062906}
  - {x: 0.910069, y: -1.9580276, z: 1.0887122}
  - {x: 0.27456784, y: -1.9580275, z: 1.2161565}
  - {x: 0.068373166, y: 1.5837315, z: 1.1362295}
  - {x: 0.45447454, y: 2.272418, z: 0.985487}
  - {x: 0.56837267, y: 1.0043104, z: 1.0112934}
  - {x: 0.6822713, y: -0.15359347, z: 1.0370998}
  - {x: 0.068373166, y: 1.5837315, z: 1.1362295}
  - {x: -0.13782525, y: 2.5308394, z: 0.84215784}
  - {x: -1.7709515, y: -2.5308428, z: 1.4344983}
  - {x: -2.7373948, y: -1.9580271, z: 1.9390602}
  - {x: -2.7373943, y: 2.5308402, z: 1.6274529}
  - {x: -1.7709526, y: 2.985535, z: 1.390295}
  - {x: -1.7709523, y: -1.2575858, z: 1.8148499}
  - {x: 0.068373166, y: 1.5837315, z: 1.1362295}
  - {x: 0.27456784, y: -1.9580275, z: 1.2161565}
  - {x: -0.36093354, y: -1.9580272, z: 1.0936189}
  - {x: -0.4532318, y: -1.4646028, z: 0.99492097}
  - {x: -0.33380604, y: -0.6809716, z: 0.89622307}
  - {x: -0.13782525, y: 2.5308394, z: 0.84215784}
  - {x: 0.068373166, y: 1.5837315, z: 1.1362295}
  - {x: -0.33380604, y: -0.6809716, z: 0.89622307}
  - {x: -0.6378274, y: 1.0527781, z: 0.7975254}
  - {x: -0.8143347, y: 2.38478, z: 1.0102348}
  - {x: -0.33380604, y: -0.6809716, z: 0.89622307}
  - {x: -0.4532318, y: -1.4646028, z: 0.99492097}
  - {x: -1.0356982, y: -1.0857414, z: 0.71930027}
  - {x: -0.6378274, y: 1.0527781, z: 0.7975254}
  - {x: -0.4532318, y: -1.4646028, z: 0.99492097}
  - {x: -0.36093354, y: -1.9580272, z: 1.0936189}
  - {x: -1.0659425, y: -2.2444348, z: 1.2640586}
  - {x: -1.0356982, y: -1.0857414, z: 0.71930027}
  - {x: -1.0659425, y: -2.2444348, z: 1.2640586}
  - {x: -1.7709515, y: -2.5308428, z: 1.4344983}
  - {x: -1.7709523, y: -1.2575858, z: 1.8148499}
  - {x: -1.0356982, y: -1.0857414, z: 0.71930027}
  - {x: -1.7709523, y: -1.2575858, z: 1.8148499}
  - {x: -1.7709526, y: 2.985535, z: 1.390295}
  - {x: -1.2627512, y: 2.530845, z: 1.0015078}
  - {x: -1.0356982, y: -1.0857414, z: 0.71930027}
  - {x: -1.2627512, y: 2.530845, z: 1.0015078}
  - {x: -0.8143347, y: 2.38478, z: 1.0102348}
  - {x: -0.6378274, y: 1.0527781, z: 0.7975254}
  - {x: -1.0356982, y: -1.0857414, z: 0.71930027}
  - {x: 0.9438262, y: -2.2648382, z: -1.6954694}
  - {x: 1.1917588, y: -1.9580276, z: -1.1817441}
  - {x: 0.4810141, y: 0.28641286, z: -1.4093022}
  - {x: 0.52820647, y: 2.6616535, z: -1.2918677}
  - {x: 0.79603577, y: 2.5308414, z: -1.6345296}
  - {x: 1.1917588, y: -1.9580276, z: -1.1817441}
  - {x: 1.2097999, y: -1.9580276, z: -0.80953264}
  - {x: 0.4786156, y: 0.10126556, z: -0.9037709}
  - {x: 0.4810141, y: 0.28641286, z: -1.4093022}
  - {x: 1.2097999, y: -1.9580276, z: -0.80953264}
  - {x: 1.0519472, y: -1.9580276, z: -0.57762575}
  - {x: 0.6379179, y: 0.28640807, z: -0.4256196}
  - {x: 0.4786156, y: 0.10126556, z: -0.9037709}
  - {x: 0.6379179, y: 0.28640807, z: -0.4256196}
  - {x: 0.7214009, y: 2.8928032, z: -0.27361298}
  - {x: 0.90592355, y: 2.5308409, z: -0.6803956}
  - {x: 0.4786156, y: 0.10126556, z: -0.9037709}
  - {x: 0.90592355, y: 2.5308409, z: -0.6803956}
  - {x: 0.52820647, y: 2.6616535, z: -1.2918677}
  - {x: 0.4810141, y: 0.28641286, z: -1.4093022}
  - {x: 0.4786156, y: 0.10126556, z: -0.9037709}
  - {x: 0.7214009, y: 2.8928032, z: -0.27361298}
  - {x: 0.6379179, y: 0.28640807, z: -0.4256196}
  - {x: 1.0519472, y: -1.9580276, z: -0.57762575}
  - {x: 1.1987352, y: -2.0925941, z: -0.039264917}
  - {x: 0.7568729, y: -1.0384622, z: -0.039265156}
  - {x: 0.53944457, y: 2.5308409, z: -0.03926468}
  - {x: -0.74668694, y: 2.5308428, z: -2.8393416}
  - {x: -0.20271201, y: 2.5308428, z: -2.844513}
  - {x: 0.15152228, y: 2.7476568, z: -2.2225418}
  - {x: 0.43644953, y: 2.530839, z: -1.811415}
  - {x: 0.79603577, y: 2.5308414, z: -1.6345296}
  - {x: 0.52820647, y: 2.6616535, z: -1.2918677}
  - {x: 0.90592355, y: 2.5308409, z: -0.6803956}
  - {x: 0.7214009, y: 2.8928032, z: -0.27361298}
  - {x: 0.53944457, y: 2.5308409, z: -0.03926468}
  - {x: 0.6091757, y: 2.5308394, z: 0.47311115}
  - {x: 0.45447454, y: 2.272418, z: 0.985487}
  - {x: -0.13782525, y: 2.5308394, z: 0.84215784}
  - {x: -0.8143347, y: 2.38478, z: 1.0102348}
  - {x: -1.2627512, y: 2.530845, z: 1.0015078}
  - {x: -1.7709526, y: 2.985535, z: 1.390295}
  - {x: -2.7373943, y: 2.5308402, z: 1.6274529}
  - {x: -2.8527727, y: 2.530839, z: 2.444533}
  - {x: -1.8993775, y: 2.530839, z: 3.5341775}
  - {x: 0.9359822, y: 2.5308394, z: 2.793224}
  - {x: 2.5672908, y: 2.5308385, z: 1.3588037}
  - {x: 2.6935344, y: 2.530839, z: 0.22773647}
  - {x: 2.8141856, y: 2.530839, z: -0.83933544}
  - {x: 2.8527708, y: 2.530839, z: -1.1989698}
  - {x: 1.8645835, y: 2.5308394, z: -3.5004828}
  - {x: -0.011023453, y: 2.5308409, z: -4.1007805}
  - {x: -2.5925589, y: 2.5308392, z: -3.998701}
  - {x: -2.698584, y: 2.530841, z: -2.9851456}
  - {x: -1.3652104, y: 2.016407, z: -2.705927}
  - {x: -1.8993782, y: -1.9580276, z: 3.5341775}
  - {x: -2.8527732, y: -1.9580276, z: 2.444533}
  - {x: -2.7373948, y: -1.9580271, z: 1.9390602}
  - {x: -1.7709515, y: -2.5308428, z: 1.4344983}
  - {x: -1.0659425, y: -2.2444348, z: 1.2640586}
  - {x: -0.36093354, y: -1.9580272, z: 1.0936189}
  - {x: 0.27456784, y: -1.9580275, z: 1.2161565}
  - {x: 0.910069, y: -1.9580276, z: 1.0887122}
  - {x: 0.85383093, y: -1.7668673, z: 0.52472305}
  - {x: 1.1987352, y: -2.0925941, z: -0.039264917}
  - {x: 1.0519472, y: -1.9580276, z: -0.57762575}
  - {x: 1.2097999, y: -1.9580276, z: -0.80953264}
  - {x: 1.1917588, y: -1.9580276, z: -1.1817441}
  - {x: 0.9438262, y: -2.2648382, z: -1.6954694}
  - {x: 0.74761677, y: -1.9580278, z: -2.0182803}
  - {x: 0.13547134, y: -1.958028, z: -2.2299483}
  - {x: -0.32563287, y: -2.3441815, z: -2.1502614}
  - {x: -0.9244636, y: -2.1511045, z: -2.0046973}
  - {x: -1.5232947, y: -1.9580275, z: -1.9923146}
  - {x: -2.698584, y: -1.9580264, z: -2.5194418}
  - {x: -2.5925593, y: -1.958029, z: -3.998701}
  - {x: -0.011024465, y: -1.9580274, z: -4.1007805}
  - {x: 2.0987544, y: -1.9580265, z: -3.1539812}
  - {x: 2.852769, y: -1.9580275, z: -1.1989696}
  - {x: 2.8141837, y: -1.9580275, z: -0.8393357}
  - {x: 2.6935325, y: -1.9580275, z: 0.22773623}
  - {x: 2.5672894, y: -1.9580275, z: 1.358804}
  - {x: 0.9359808, y: -1.958027, z: 2.793224}
  m_Textures0:
  - {x: 3.8031254, y: -1.9580294}
  - {x: 2.3200712, y: -1.9580268}
  - {x: 3.8031254, y: 2.530839}
  - {x: 2.7845836, y: 2.5308409}
  - {x: 0.15101111, y: -1.9580274}
  - {x: -2.4325411, y: -1.958029}
  - {x: 0.15101212, y: 2.5308409}
  - {x: -2.4325407, y: 2.5308392}
  - {x: 0.62345016, y: -1.7725435}
  - {x: -1.6890367, y: -1.7725444}
  - {x: 0.2679384, y: 2.7217226}
  - {x: -1.6890358, y: 2.71093}
  - {x: 0.6007039, y: -1.9588301}
  - {x: -0.04700391, y: -1.95883}
  - {x: 0.5831138, y: 2.746855}
  - {x: 0.17947604, y: 2.5301473}
  - {x: 1.4467524, y: -2.0827823}
  - {x: 1.0698435, y: -2.3906417}
  - {x: 1.4065393, y: 2.4214296}
  - {x: 1.0838588, y: 2.4018335}
  - {x: -0.092093386, y: -1.9580262}
  - {x: -2.1874714, y: -1.9580252}
  - {x: -0.092092924, y: 2.5308402}
  - {x: -2.595027, y: 2.5308406}
  - {x: -1.1347574, y: -1.9580263}
  - {x: -1.4964553, y: -1.9580263}
  - {x: -1.1347574, y: 2.5308402}
  - {x: -1.4964558, y: 2.5308402}
  - {x: -0.07632861, y: -1.9580263}
  - {x: -1.1501998, y: -1.9580263}
  - {x: -0.07632859, y: 2.5308402}
  - {x: -1.1501997, y: 2.5308402}
  - {x: 1.0656412, y: -1.9580266}
  - {x: -0.0724501, y: -1.9580266}
  - {x: 1.0656407, y: 2.5308394}
  - {x: -0.07245007, y: 2.53084}
  - {x: 1.1415665, y: -1.9580264}
  - {x: -1.030697, y: -1.9580269}
  - {x: 1.1415654, y: 2.53084}
  - {x: -1.0306983, y: 2.530839}
  - {x: 2.7312315, y: -1.9580275}
  - {x: -0.19934407, y: -1.9580269}
  - {x: 2.7312307, y: 2.530839}
  - {x: -0.19934545, y: 2.5308394}
  - {x: -2.4996033, y: -1.9232372}
  - {x: -3.018077, y: -1.9232377}
  - {x: -2.1958094, y: 2.5661657}
  - {x: -3.018077, y: 2.5650935}
  - {x: 0.03877991, y: -1.958028}
  - {x: -1.4090761, y: -1.958028}
  - {x: 0.038779598, y: 2.5308387}
  - {x: -1.4090766, y: 2.5308387}
  - {x: 3.426968, y: -1.7402493}
  - {x: 2.1405995, y: -1.7498131}
  - {x: 1.8727294, y: -0.78712493}
  - {x: 2.2512324, y: 2.2872043}
  - {x: 3.5953531, y: 2.7644079}
  - {x: 1.4145153, y: -1.543514}
  - {x: 0.81587946, y: -1.7369145}
  - {x: 0.6137872, y: 1.2026068}
  - {x: 1.2100611, y: -0.61000025}
  - {x: 0.81587946, y: -1.7369145}
  - {x: 0.21011816, y: -1.9058434}
  - {x: 0.23807296, y: -0.5013311}
  - {x: 0.6137872, y: 1.2026068}
  - {x: 0.23807296, y: -0.5013311}
  - {x: 0.05022792, y: 3.0122926}
  - {x: 0.59370035, y: 3.0166981}
  - {x: 0.6137872, y: 1.2026068}
  - {x: 0.59370035, y: 3.0166981}
  - {x: 1.218476, y: 2.4926217}
  - {x: 1.2100611, y: -0.61000025}
  - {x: 0.6137872, y: 1.2026068}
  - {x: 1.2275075, y: -2.2046516}
  - {x: 0.8468174, y: -1.7993892}
  - {x: 0.82914263, y: 2.8933709}
  - {x: 1.4184222, y: 2.7072723}
  - {x: 1.3337828, y: -0.801325}
  - {x: 0.15766309, y: 2.4454114}
  - {x: 0.20577753, y: -1.1221421}
  - {x: -0.39420715, y: 0.93386483}
  - {x: -0.32657978, y: 2.422541}
  - {x: 0.20577753, y: -1.1221421}
  - {x: 0.3035555, y: -2.2221918}
  - {x: -0.32277325, y: -1.8723915}
  - {x: -0.39420715, y: 0.93386483}
  - {x: -0.32277325, y: -1.8723915}
  - {x: -0.8603357, y: -2.0846767}
  - {x: -0.86037356, y: -1.5804652}
  - {x: -0.39420715, y: 0.93386483}
  - {x: -0.86037356, y: -1.5804652}
  - {x: -0.86041147, y: -0.26519296}
  - {x: -0.860449, y: 0.8981952}
  - {x: -0.39420715, y: 0.93386483}
  - {x: -0.860449, y: 0.8981952}
  - {x: -0.8604865, y: 2.1709077}
  - {x: -0.32657978, y: 2.422541}
  - {x: -0.39420715, y: 0.93386483}
  - {x: 0.73682916, y: -0.1758202}
  - {x: 0.8519466, y: -1.4869426}
  - {x: 0.96706384, y: -1.9806828}
  - {x: 0.33929923, y: -1.9842772}
  - {x: 0.12912032, y: 1.5581347}
  - {x: 0.5065954, y: 2.2504654}
  - {x: 0.621712, y: 0.9822344}
  - {x: 0.73682916, y: -0.1758202}
  - {x: 0.12912032, y: 1.5581347}
  - {x: -0.09252981, y: 2.5113053}
  - {x: -2.0845618, y: -2.5688846}
  - {x: -3.1493475, y: -2.0069134}
  - {x: -3.0678253, y: 2.4908345}
  - {x: -2.0729985, y: 2.944038}
  - {x: -2.1840692, y: -1.312992}
  - {x: 0.12912032, y: 1.5581347}
  - {x: 0.33929923, y: -1.9842772}
  - {x: -0.3018522, y: -1.9823085}
  - {x: -0.39930332, y: -1.4869205}
  - {x: -0.2853342, y: -0.70114493}
  - {x: -0.09252981, y: 2.5113053}
  - {x: 0.12912032, y: 1.5581347}
  - {x: -0.2853342, y: -0.70114493}
  - {x: -0.5942046, y: 1.0340078}
  - {x: -0.759068, y: 2.3607345}
  - {x: -0.55112594, y: -0.7555904}
  - {x: -0.6917564, y: -1.5417975}
  - {x: -1.1847804, y: -1.1234105}
  - {x: -0.819969, y: 0.9867588}
  - {x: -0.6917564, y: -1.5417975}
  - {x: -0.6276498, y: -2.0446317}
  - {x: -1.3528175, y: -2.3281312}
  - {x: -1.1847804, y: -1.1234105}
  - {x: -1.3528175, y: -2.3281312}
  - {x: -2.0779853, y: -2.611631}
  - {x: -2.1748903, y: -1.3814472}
  - {x: -1.1847804, y: -1.1234105}
  - {x: -2.1748903, y: -1.3814472}
  - {x: -2.0667243, y: 2.8814619}
  - {x: -1.4762402, y: 2.4536467}
  - {x: -1.1847804, y: -1.1234105}
  - {x: -1.4762402, y: 2.4536467}
  - {x: -1.0448446, y: 2.2960649}
  - {x: -0.819969, y: 0.9867588}
  - {x: -1.1847804, y: -1.1234105}
  - {x: 1.6232873, y: -2.3470666}
  - {x: 1.0930786, y: -2.0592642}
  - {x: 1.3711065, y: 0.23595253}
  - {x: 1.2505853, y: 2.599298}
  - {x: 1.5731218, y: 2.4441428}
  - {x: 1.2520076, y: -2.0757892}
  - {x: 0.8815813, y: -2.0805635}
  - {x: 0.93119526, y: 0.05088958}
  - {x: 1.4359374, y: 0.23808403}
  - {x: 0.8815813, y: -2.0805635}
  - {x: 0.64050716, y: -2.0637076}
  - {x: 0.4636126, y: 0.21265227}
  - {x: 0.93119526, y: 0.05088958}
  - {x: 0.4636126, y: 0.21265227}
  - {x: 0.31696218, y: 2.7901187}
  - {x: 0.7342099, y: 2.411929}
  - {x: 0.93119526, y: 0.05088958}
  - {x: 0.7342099, y: 2.411929}
  - {x: 1.321589, y: 2.5904999}
  - {x: 1.4359374, y: 0.23808403}
  - {x: 0.93119526, y: 0.05088958}
  - {x: 0.2692568, y: 2.8138363}
  - {x: 0.4217642, y: 0.22614932}
  - {x: 0.57127035, y: -2.0469797}
  - {x: 0.032033913, y: -2.1942046}
  - {x: 0.034699287, y: -1.1038303}
  - {x: 0.03601025, y: 2.470318}
  - {x: -0.7363186, y: -2.81759}
  - {x: -0.19234823, y: -2.8227801}
  - {x: 0.1627708, y: -2.1989918}
  - {x: 0.44680792, y: -1.7897422}
  - {x: 0.8063911, y: -1.6128759}
  - {x: 0.5390997, y: -1.2690996}
  - {x: 0.916278, y: -0.6587806}
  - {x: 0.73323894, y: -0.24891399}
  - {x: 0.5498021, y: -0.017660242}
  - {x: 0.61953264, y: 0.49469444}
  - {x: 0.4637747, y: 1.0048492}
  - {x: -0.12746203, y: 0.8637538}
  - {x: -0.8045638, y: 1.0306005}
  - {x: -1.2523786, y: 1.0231373}
  - {x: -1.758714, y: 1.4158127}
  - {x: -2.7270093, y: 1.6491112}
  - {x: -2.8423867, y: 2.4661655}
  - {x: -1.8889995, y: 3.555737}
  - {x: 0.94633645, y: 2.8147113}
  - {x: 2.5776312, y: 1.3802862}
  - {x: 2.7038739, y: 0.2492558}
  - {x: 2.824524, y: -0.8177814}
  - {x: 2.8631089, y: -1.177404}
  - {x: 1.8749299, y: -3.4787984}
  - {x: -0.00066129223, y: -4.0790086}
  - {x: -2.582175, y: -3.9768426}
  - {x: -2.6881993, y: -2.9633205}
  - {x: -1.3569431, y: -2.6885536}
  - {x: 1.9356087, y: 3.5318947}
  - {x: 2.8888376, y: 2.4422722}
  - {x: 2.7734792, y: 1.9367971}
  - {x: 1.8179004, y: 1.4315348}
  - {x: 1.1076664, y: 1.2614193}
  - {x: 0.39743227, y: 1.0913037}
  - {x: -0.23795831, y: 1.2138271}
  - {x: -0.87334865, y: 1.0863689}
  - {x: -0.8206899, y: 0.52260816}
  - {x: -1.1594518, y: -0.041773405}
  - {x: -1.0152022, y: -0.579971}
  - {x: -1.1730273, y: -0.81188124}
  - {x: -1.1549894, y: -1.184092}
  - {x: -0.901371, y: -1.6981753}
  - {x: -0.71092474, y: -2.0206177}
  - {x: -0.09888606, y: -2.2322721}
  - {x: 0.3693483, y: -2.153033}
  - {x: 0.9644694, y: -2.0072267}
  - {x: 1.5595908, y: -1.9946017}
  - {x: 2.7346752, y: -2.5217025}
  - {x: 2.628669, y: -4.000963}
  - {x: 0.0475842, y: -4.1031}
  - {x: -2.061827, y: -3.1563478}
  - {x: -2.8157098, y: -1.2013543}
  - {x: -2.7771313, y: -0.84171975}
  - {x: -2.6565013, y: 0.22535405}
  - {x: -2.53028, y: 1.3564237}
  - {x: -0.899256, y: 2.790879}
  m_Textures2: []
  m_Textures3: []
  m_Tangents:
  - {x: 0.07149083, y: -7.8942475e-16, z: -0.9974413, w: -1}
  - {x: 0.087776415, y: -0.000000026098212, z: -0.99614024, w: -1}
  - {x: 0.087776415, y: -0.000000026098212, z: -0.99614024, w: -1}
  - {x: 0.10403952, y: 8.041481e-11, z: -0.99457324, w: -1}
  - {x: 0.9992191, y: -3.3164543e-17, z: -0.039511252, w: -1}
  - {x: 0.9992191, y: -2.4400063e-17, z: -0.03951125, w: -1}
  - {x: 0.9992191, y: -2.4400063e-17, z: -0.03951125, w: -1}
  - {x: 0.9992191, y: -1.5635583e-17, z: -0.039511245, w: -1}
  - {x: 0.91234195, y: 0.0000000018941186, z: 0.40942907, w: -1}
  - {x: 0.9338257, y: -0.002751527, z: 0.35771796, w: -1}
  - {x: 0.9338257, y: -0.002751527, z: 0.35771796, w: -1}
  - {x: 0.95239455, y: -0.0054874034, z: 0.3048188, w: -1}
  - {x: -0.94509506, y: -1.8649973e-14, z: -0.32679555, w: -1}
  - {x: -0.7860797, y: -0.0017304792, z: -0.61812276, w: -1}
  - {x: -0.7860797, y: -0.0017304792, z: -0.61812276, w: -1}
  - {x: -0.53961086, y: 0.00023089422, z: -0.84191453, w: -1}
  - {x: -0.46078745, y: -0.0000005669852, z: -0.88751054, w: -1}
  - {x: -0.71379894, y: -0.02652051, z: -0.69984835, w: -1}
  - {x: -0.71379894, y: -0.02652051, z: -0.69984835, w: -1}
  - {x: -0.89569515, y: -0.04893283, z: -0.44196808, w: -1}
  - {x: 0.35984656, y: 0, z: 0.93301153, w: -1}
  - {x: 0.37725544, y: -0.00000007007229, z: 0.92610925, w: -1}
  - {x: 0.37725544, y: -0.00000007007229, z: 0.92610925, w: -1}
  - {x: 0.39453465, y: -0.0000000010417696, z: 0.9188811, w: -1}
  - {x: -0.10667793, y: -3.1899502e-15, z: 0.99429363, w: -1}
  - {x: -0.10667786, y: 0, z: 0.99429363, w: -1}
  - {x: -0.10667786, y: 0, z: 0.99429363, w: -1}
  - {x: -0.10667779, y: -3.1055205e-15, z: 0.9942937, w: -1}
  - {x: -0.11235169, y: -3.1902164e-15, z: 0.9936685, w: -1}
  - {x: -0.11235169, y: -3.1902164e-15, z: 0.99366856, w: -1}
  - {x: -0.11235169, y: -3.1902164e-15, z: 0.99366856, w: -1}
  - {x: -0.11235169, y: 0, z: 0.9936685, w: -1}
  - {x: -0.11092531, y: 0, z: 0.9938288, w: -1}
  - {x: -0.11092553, y: 0.00000020948991, z: 0.9938287, w: -1}
  - {x: -0.11092553, y: 0.00000020948991, z: 0.9938287, w: -1}
  - {x: -0.110925764, y: 0.00000041897982, z: 0.9938287, w: -1}
  - {x: -0.7509718, y: 6.27146e-15, z: 0.66033435, w: -1}
  - {x: -0.7509718, y: 1.7031312e-14, z: 0.66033435, w: -1}
  - {x: -0.7509718, y: 1.7031312e-14, z: 0.66033435, w: -1}
  - {x: -0.75097173, y: 0, z: 0.6603344, w: -1}
  - {x: -0.9675093, y: 2.2205634e-14, z: 0.25283548, w: -1}
  - {x: -0.9675093, y: 1.17031374e-14, z: 0.25283548, w: -1}
  - {x: -0.9675093, y: 1.17031374e-14, z: 0.25283548, w: -1}
  - {x: -0.9675093, y: 3.6019195e-15, z: 0.25283545, w: -1}
  - {x: 0.2225347, y: 3.3986175e-10, z: -0.9749248, w: -1}
  - {x: 0.18134071, y: -0.00065013685, z: -0.98342013, w: -1}
  - {x: 0.18134071, y: -0.00065013685, z: -0.98342013, w: -1}
  - {x: 0.13982089, y: -0.0012980138, z: -0.99017596, w: -1}
  - {x: -0.6584875, y: -2.3825548e-15, z: -0.7525917, w: -1}
  - {x: -0.6584875, y: 0, z: -0.75259167, w: -1}
  - {x: -0.6584875, y: 0, z: -0.75259167, w: -1}
  - {x: -0.65848756, y: 3.573832e-15, z: -0.75259167, w: -1}
  - {x: -0.8885871, y: -0.015371108, z: -0.4584504, w: -1}
  - {x: -0.91214293, y: -0.0075941365, z: -0.40980202, w: -1}
  - {x: -0.93837535, y: 0.002590425, z: -0.3456083, w: -1}
  - {x: -0.9937868, y: 0.03803484, z: -0.10459987, w: -1}
  - {x: -0.94981843, y: 0.007352567, z: -0.31271526, w: -1}
  - {x: -0.75573087, y: 0.23004653, z: 0.6131472, w: -1}
  - {x: -0.99943995, y: -0.0037955039, z: 0.033247963, w: -1}
  - {x: -0.75573087, y: 0.23004653, z: 0.6131472, w: -1}
  - {x: -0.22817211, y: 0.17670001, z: 0.9574522, w: -1}
  - {x: -0.9247979, y: 0.061535098, z: 0.37544945, w: -1}
  - {x: -0.9624519, y: 0.040535823, z: 0.26840866, w: -1}
  - {x: -0.9247979, y: 0.061535098, z: 0.37544945, w: -1}
  - {x: -0.8742283, y: 0.0807413, z: 0.47875434, w: -1}
  - {x: -0.69831187, y: 0.124766566, z: 0.7048361, w: -1}
  - {x: -0.91743815, y: 0.05961682, z: 0.3933865, w: -1}
  - {x: -0.9998903, y: -0.007642879, z: 0.01269167, w: -1}
  - {x: -0.91743815, y: 0.05961682, z: 0.3933865, w: -1}
  - {x: -0.99277633, y: -0.031581853, z: -0.11574892, w: -1}
  - {x: -0.97449565, y: -0.050289128, z: -0.21869907, w: -1}
  - {x: -0.94583213, y: -0.06878694, z: -0.3172854, w: -1}
  - {x: -0.97449565, y: -0.050289128, z: -0.21869907, w: -1}
  - {x: -0.99715227, y: 0.03661763, z: 0.06592825, w: -1}
  - {x: -0.99804944, y: 0.02856515, z: -0.055509888, w: -1}
  - {x: -0.8081632, y: -0.013835125, z: -0.5887961, w: -1}
  - {x: -0.46923146, y: -0.043896485, z: -0.8819836, w: -1}
  - {x: -0.9268099, y: 0.0051533086, z: -0.37549558, w: -1}
  - {x: -0.25189433, y: -0.058339078, z: -0.9659947, w: -1}
  - {x: -0.37258512, y: -0.07220088, z: -0.925185, w: -1}
  - {x: -0.25189433, y: -0.058339078, z: -0.9659947, w: -1}
  - {x: -0.12697671, y: -0.0436079, z: -0.99094665, w: -1}
  - {x: 0.08023056, y: -0.017609999, z: -0.9966208, w: -1}
  - {x: 0.34068707, y: 0.015788216, z: -0.9400442, w: -1}
  - {x: 0.08023056, y: -0.017609999, z: -0.9966208, w: -1}
  - {x: -0.17955112, y: -0.049886674, z: -0.98248297, w: -1}
  - {x: 0.05021786, y: -0.021870311, z: -0.9984988, w: -1}
  - {x: -0.014968198, y: -0.029964361, z: -0.9994389, w: -1}
  - {x: 0.05021786, y: -0.021870311, z: -0.9984988, w: -1}
  - {x: 0.11549957, y: -0.013618196, z: -0.9932142, w: -1}
  - {x: 0.6089925, y: 0.053223904, z: -0.7913882, w: -1}
  - {x: 0.61851066, y: 0.05461721, z: -0.78387594, w: -1}
  - {x: 0.6279342, y: 0.05599797, z: -0.77624923, w: -1}
  - {x: 0.61851066, y: 0.05461721, z: -0.78387594, w: -1}
  - {x: 0.489285, y: 0.035849333, z: -0.8713868, w: -1}
  - {x: 0.32977715, y: 0.014325956, z: -0.9439501, w: -1}
  - {x: 0.489285, y: 0.035849333, z: -0.8713868, w: -1}
  - {x: 0.6339471, y: 0.05688306, z: -0.7712816, w: -1}
  - {x: 0.96100575, y: -0.0073002353, z: -0.2764322, w: -1}
  - {x: 0.97051424, y: -0.006510148, z: -0.24095596, w: -1}
  - {x: 0.9805685, y: -0.0055355136, z: -0.19609879, w: -1}
  - {x: 0.97478396, y: -0.006120591, z: -0.22306684, w: -1}
  - {x: 0.9647331, y: -0.0070073847, z: -0.26313663, w: -1}
  - {x: 0.97179794, y: 0.0040882053, z: 0.23577973, w: -1}
  - {x: 0.9710425, y: 0.00002858793, z: -0.23890667, w: -1}
  - {x: 0.9549283, y: -0.0077450443, z: -0.29673582, w: -1}
  - {x: 0.8845681, y: -0.0062697567, z: -0.46636894, w: -1}
  - {x: 0.97836095, y: 0.0088373665, z: -0.20671652, w: -1}
  - {x: 0.9450335, y: -0.0030063633, z: -0.32695976, w: -1}
  - {x: 0.97954434, y: 0.0023907411, z: -0.20121413, w: -1}
  - {x: 0.9905723, y: 0.0055721393, z: -0.13687807, w: -1}
  - {x: 0.9808347, y: 0.0030163594, z: -0.19481853, w: -1}
  - {x: 0.9799921, y: 0.002701623, z: -0.19901834, w: -1}
  - {x: 0.64059526, y: -0.024104131, z: 0.76750034, w: -1}
  - {x: 0.9710436, y: 0.0041424003, z: 0.2388666, w: -1}
  - {x: 0.98200077, y: 0.0030314964, z: 0.18885265, w: -1}
  - {x: 0.8074137, y: -0.057536572, z: 0.5871734, w: -1}
  - {x: 0.11153875, y: 0.021982038, z: 0.993517, w: -1}
  - {x: 0.9902549, y: 0.0019968848, z: 0.13925238, w: -1}
  - {x: 0.88221747, y: 0.009347134, z: 0.47074935, w: -1}
  - {x: 0.9078447, y: 0.008247958, z: 0.41922545, w: -1}
  - {x: 0.970543, y: 0.004363509, z: 0.2408883, w: -1}
  - {x: 0.9639443, y: -0.0070717814, z: -0.26601002, w: -1}
  - {x: 0.9561966, y: 0.052374292, z: 0.28800178, w: -1}
  - {x: 0.9437536, y: 0.05573939, z: 0.32591772, w: -1}
  - {x: 0.9561966, y: 0.052374292, z: 0.28800178, w: -1}
  - {x: 0.9670982, y: 0.048937205, z: 0.24965233, w: -1}
  - {x: 0.9997234, y: 0.022699267, z: -0.00615722, w: -1}
  - {x: 0.9886414, y: 0.010725993, z: -0.14991096, w: -1}
  - {x: 0.9997234, y: 0.022699267, z: -0.00615722, w: -1}
  - {x: 0.98878056, y: 0.03925444, z: 0.14412543, w: -1}
  - {x: 0.7959597, y: -0.04117698, z: -0.60394746, w: -1}
  - {x: 0.9390119, y: -0.009347571, z: -0.3437577, w: -1}
  - {x: 0.7959597, y: -0.04117698, z: -0.60394746, w: -1}
  - {x: 0.5960125, y: -0.06242784, z: -0.8005448, w: -1}
  - {x: 0.56517833, y: -0.06533381, z: -0.8223777, w: -1}
  - {x: 0.6938018, y: -0.05310763, z: -0.71820515, w: -1}
  - {x: 0.8040405, y: -0.03701762, z: -0.59342116, w: -1}
  - {x: 0.6938018, y: -0.05310763, z: -0.71820515, w: -1}
  - {x: 0.99881303, y: 0.022302981, z: -0.043302767, w: -1}
  - {x: 0.9962362, y: 0.033229485, z: 0.08005788, w: -1}
  - {x: 0.99881303, y: 0.022302981, z: -0.043302767, w: -1}
  - {x: 0.9864655, y: 0.009332435, z: -0.16370328, w: -1}
  - {x: 0.21950571, y: 0.0054483847, z: -0.975596, w: -1}
  - {x: -0.52748865, y: -0.03971193, z: -0.84863335, w: -1}
  - {x: 0.39575896, y: 0.039924953, z: -0.91748613, w: -1}
  - {x: 0.62781703, y: 0.058219403, z: -0.7761806, w: -1}
  - {x: 0.7386739, y: 0.069198914, z: -0.6705016, w: -1}
  - {x: -0.044538666, y: -0.0124444235, z: -0.9989302, w: -1}
  - {x: 0.04392574, y: -0.002049539, z: -0.9990327, w: -1}
  - {x: 0.1327737, y: 0.008551254, z: -0.9911095, w: -1}
  - {x: 0.04392574, y: -0.002049539, z: -0.9990327, w: -1}
  - {x: 0.5461906, y: 0.058491886, z: -0.8356163, w: -1}
  - {x: 0.09336783, y: 0.0014163445, z: -0.9956307, w: -1}
  - {x: -0.37395653, y: -0.050822318, z: -0.9260527, w: -1}
  - {x: 0.09336783, y: 0.0014163445, z: -0.9956307, w: -1}
  - {x: 0.103234604, y: 0.0055145836, z: -0.9946418, w: -1}
  - {x: 0.45507854, y: 0.047346413, z: -0.8891917, w: -1}
  - {x: 0.103234604, y: 0.0055145836, z: -0.9946418, w: -1}
  - {x: -0.27025282, y: -0.038833704, z: -0.9620059, w: -1}
  - {x: -0.5451286, y: -0.07038447, z: -0.83539265, w: -1}
  - {x: -0.2847146, y: -0.046282187, z: -0.95749444, w: -1}
  - {x: -0.0026352366, y: -0.0075036865, z: -0.9999684, w: -1}
  - {x: -0.2847146, y: -0.046282187, z: -0.95749444, w: -1}
  - {x: 0.5566285, y: 0.051992048, z: -0.829133, w: -1}
  - {x: 0.24524374, y: 0.024026198, z: -0.9691637, w: -1}
  - {x: 0.05108393, y: 0.0057006804, z: -0.99867815, w: -1}
  - {x: -0.15974222, y: -0.014236432, z: -0.98705614, w: -1}
  - {x: -0.000046555513, y: 0.00056028133, z: -0.9999999, w: -1}
  - {x: 0.24221654, y: 0.026078166, z: -0.9698717, w: -1}
  - {x: 0.9538272, y: 0.296246, z: 0.049517673, w: -1}
  - {x: 0.9999946, y: 0.0032983806, z: 0.000006792653, w: 1}
  - {x: 0.792097, y: -0.60938734, z: -0.035062127, w: -1}
  - {x: 0.9657171, y: -0.25959474, z: -0.0010414346, w: -1}
  - {x: 0.9997516, y: -0.022287298, z: 0.00015158589, w: -1}
  - {x: 0.9988854, y: -0.04719909, z: 0.00043427877, w: -1}
  - {x: 0.9997187, y: 0.023671871, z: 0.001468525, w: -1}
  - {x: 0.9767649, y: 0.2143073, z: 0.0016264482, w: -1}
  - {x: 0.5079101, y: 0.86137885, z: -0.007341551, w: -1}
  - {x: 0.9543922, y: 0.29593006, z: -0.03950911, w: -1}
  - {x: 0.99841285, y: -0.05631363, z: 0.00076828926, w: -1}
  - {x: 0.9977279, y: -0.06736016, z: -0.001307029, w: -1}
  - {x: 0.9994868, y: -0.032032922, z: 0.00024617117, w: -1}
  - {x: 0.82928693, y: -0.49409565, z: 0.26106074, w: -1}
  - {x: 0.65669614, y: -0.51493084, z: 0.5509958, w: -1}
  - {x: 0.8990164, y: 0.4378993, z: -0.0037097302, w: -1}
  - {x: 0.8835112, y: -0.23621689, z: 0.4044867, w: -1}
  - {x: 0.99987787, y: -0.015630573, z: 0.00015201938, w: -1}
  - {x: 0.99314505, y: -0.116885625, z: -0.00078262243, w: -1}
  - {x: 0.99528223, y: 0.09701484, z: -0.0011707507, w: -1}
  - {x: 0.99688196, y: -0.07890463, z: 0.00067619205, w: -1}
  - {x: 0.9986651, y: -0.0516352, z: 0.0013749095, w: -1}
  - {x: 0.9991493, y: -0.041237842, z: 0.00034345282, w: -1}
  - {x: 1, y: 0.0000010082925, z: 0.000035010627, w: -1}
  - {x: 0.9888259, y: -0.1490525, z: -0.0025911995, w: -1}
  - {x: 0.99959487, y: 0.023659725, z: -0.015822142, w: -1}
  - {x: 0.9355002, y: -0.353313, z: 0.0030512407, w: -1}
  - {x: 0.9983786, y: 0.046071693, z: -0.03343007, w: -1}
  - {x: -0.99787194, y: -0.06518345, z: -0.0016564162, w: -1}
  - {x: -0.9049317, y: 0.4255568, z: 0.00005366873, w: -1}
  - {x: -0.8296096, y: 0.5583436, z: -0.0006806846, w: -1}
  - {x: -0.988083, y: 0.15391745, z: 0.0011919151, w: -1}
  - {x: -0.96384096, y: -0.26647806, z: -0.00016627701, w: -1}
  - {x: -0.98676974, y: -0.16212524, z: 0.0009825957, w: -1}
  - {x: -1, y: 0.00000029434236, z: -0.000022141734, w: -1}
  - {x: -0.9760862, y: 0.21738248, z: -0.0007922023, w: -1}
  - {x: -0.6130043, y: 0.79007906, z: -0.00095080934, w: -1}
  - {x: -0.98679405, y: 0.16174757, z: -0.00866605, w: -1}
  - {x: -0.99895877, y: -0.045623038, z: 0.00016809363, w: -1}
  - {x: -1, y: -0.00000007474509, z: -0.000022117474, w: -1}
  - {x: -0.99086195, y: -0.13487533, z: -0.0011035362, w: -1}
  - {x: -0.9976029, y: -0.069106266, z: -0.0035807914, w: -1}
  - {x: -0.9891746, y: 0.14665188, z: -0.005179816, w: -1}
  - {x: -0.94104135, y: -0.33828783, z: 0.0015961173, w: -1}
  - {x: -0.9854922, y: -0.16957915, z: 0.0069280835, w: -1}
  - {x: -0.97458726, y: 0.22400741, z: -0.00066839514, w: -1}
  - {x: -0.9882622, y: 0.1527673, z: 0.00021310634, w: -1}
  - {x: -1, y: 0.000001654802, z: -0.000022236323, w: -1}
  - {x: -0.994696, y: 0.10285851, z: -0.000048398706, w: -1}
  - {x: -0.9981614, y: -0.060579456, z: 0.001990066, w: -1}
  - {x: -0.9995222, y: -0.030905392, z: -0.0005448845, w: -1}
  - {x: -1, y: -0.00000006914124, z: -0.000022112461, w: -1}
  - {x: -1, y: -0.00000007253537, z: -0.000022126684, w: -1}
  - {x: -0.99715817, y: -0.07533684, z: 0.00015827836, w: -1}
  - {x: -0.9997309, y: -0.023201138, z: 0.0000072474495, w: -1}
  - {x: -0.9974521, y: -0.071340255, z: 0.00015093811, w: -1}
  m_Colors: []
  m_UnwrapParameters:
    m_HardAngle: 88
    m_PackMargin: 20
    m_AngleError: 8
    m_AreaError: 15
  m_PreserveMeshAssetOnDestroy: 0
  assetGuid: 
  m_Mesh: {fileID: 0}
  m_VersionIndex: 0
  m_IsSelectable: 1
  m_SelectedFaces: 
  m_SelectedEdges: []
  m_SelectedVertices: 
--- !u!64 &6520655279120446631
MeshCollider:
  m_ObjectHideFlags: 0
  m_CorrespondingSourceObject: {fileID: 0}
  m_PrefabInstance: {fileID: 0}
  m_PrefabAsset: {fileID: 0}
  m_GameObject: {fileID: 6520655279120446628}
  m_Material: {fileID: 0}
  m_IsTrigger: 0
  m_Enabled: 1
  serializedVersion: 4
  m_Convex: 0
  m_CookingOptions: 30
  m_Mesh: {fileID: 0}
